3625 5784
407 865 471 929 348
749 875 897 926 nnsurcr
920 875 1104 926 nurusrou

413 1073 430 1099 “
453 1065 575 1130 milites
610 1071 738 1131 nostros
762 1064 848 1151 quod
873 1087 941 1130 non
974 1065 1080 1130 solum
1103 1065 1190 1131 bona
1212 1085 1328 1130 verum
1362 1066 1463 1132 etiam

413 1177 429 1202 “
452 1189 587 1254 corpora
610 1189 670 1232 suu
699 1188 757 1254 pro
781 1167 876 1232 nobis
899 1171 1071 1252 exponunt
1093 1171 1128 1230 et
1149 1188 1210 1252 pro
1233 1171 1323 1232 terra
1351 1173 1466 1234 nostra

244 1279 429 1356 Theclergy“
452 1291 519 1334 non
549 1269 592 1334 ad
623 1267 793 1355 sanguinis
828 1269 1030 1345 effusionem,
1063 1269 1165 1332 immo
1195 1268 1400 1354 frequentius
1422 1269 1466 1334 ad

242 1346 388 1461 {fflliffld
414 1381 430 1408 “
454 1377 600 1438 mortem.
648 1372 692 1436 Et
715 1391 773 1436 vos
796 1370 901 1456 igitur
924 1371 982 1456 qui
1005 1392 1140 1458 corpora
1161 1376 1273 1436 vestra
1302 1394 1465 1458 exponere

245 1477 312 1527 their
413 1481 432 1510 ‘¹
454 1495 520 1538 non
553 1473 691 1560 potestis
709 1472 839 1557 justum
862 1477 914 1536 est
945 1477 980 1536 et
1000 1473 1122 1537 rationi
1153 1493 1331 1538 consonum
1363 1478 1403 1537 ut
1425 1473 1466 1537 de

242 1559 379 1602 moenam
416 1585 432 1611 u
525 1575 531 1590 .
667 1575 673 1590 .
785 1567 788 1573 ·
846 1574 852 1587 ·
895 1572 949 1596 ·‚‚
1054 1573 1109 1589 .·
1425 1575 1432 1590 .

245 1610 306 1673 they
319 1611 351 1660 uo
455 1577 551 1641 bonrs
573 1581 692 1640 vostris
715 1574 930 1640 subveniatis.
994 1574 1191 1660 Adjecrtque
1221 1576 1467 1658 subsequente,

244 1676 362 1790 ”fflwsth
416 1683 455 1742 ut
477 1677 621 1764 placeret
643 1677 699 1757 eis,
724 1677 822 1740 scivit
844 1676 933 1740 enim
948 1697 1003 1740 eos
1018 1697 1087 1740 esse
1110 1681 1217 1741 motos
1239 1676 1322 1762 pro¹
1346 1677 1465 1742 immu-

243 1749 340 1858 lsoilles.
415 1782 523 1845 nitate
555 1779 698 1844 ecclesiae
725 1777 868 1853 violatae,
903 1775 961 1841 ct²
982 1777 1039 1851 ait,
1075 1777 1189 1856 “Quia
1226 1783 1376 1844 recenter
1397 1779 1464 1844 duo

417 1891 433 1918 “
457 1880 548 1946 facta
585 1885 663 1946 sunt
701 1881 737 1944 in
775 1879 895 1964 quibus
944 1879 1162 1956 admiramini,
1200 1879 1332 1966 placare
1369 1880 1465 1946 vobis

245 1999 392 2074 Healludes
418 1981 610 2047 “volumus
642 1991 676 2047 et
713 1981 748 2044 in
777 1979 840 2046 hac
872 1985 966 2065 parte
996 1980 1198 2065 respondere.
1247 1981 1466 2066 Praecepimus

244 2065 331 2182 {2⁰2¹ss
418 2093 433 2121 ‘¹
458 2085 544 2170 quod
579 2103 691 2148 omnes
722 2083 807 2148 lanae
840 2087 962 2147 vestrae
992 2086 1224 2160 necterentur,
1247 2088 1282 2148 et
1314 2083 1377 2148 hoc
1398 2103 1466 2148 non

246 2197 364 2248 seizures.
418 2197 435 2222 ‘¹
458 2187 529 2252 sine
563 2207 663 2251 causa
685 2185 829 2261 fecimus,
862 2184 941 2269 quia
971 2189 1094 2249 nostrae
1117 2183 1299 2249 voluntatis
1331 2185 1396 2249 fuit
1427 2191 1467 2250 ut

420 2298 435 2324 “
460 2289 500 2353 de
539 2287 634 2352 bonis
673 2293 770 2352 terrae
817 2287 889 2372 ipsa
927 2290 1018 2350 terra
1065 2290 1314 2350 conservaretur
1352 2285 1467 2351 illaesa.

246 2402 393 2452 Anconem
419 2399 435 2426 “
459 2390 562 2456 Aliud
585 2393 646 2454 cst.
692 2387 818 2452 Datum
841 2386 909 2451 fuit
930 2387 1025 2451 nobis
1048 2387 1191 2473 intelligi
1214 2387 1302 2473 quod
1336 2393 1470 2453 moneta

246 2484 279 2518 ⁰¹¹
291 2483 393 2520 excuse.
418 2501 436 2526 “
458 2497 555 2556 terrae
578 2495 700 2554 nostrae
722 2492 877 2573 corrupta
898 2487 967 2551 fuit
989 2493 1024 2552 et
1046 2487 1175 2565 falsata,
1197 2487 1285 2552 unde
1315 2489 1469 2574 praecepi-

418 2601 436 2630 “
460 2615 533 2658 mus
556 2591 644 2678 quod
667 2595 833 2656 statutum
856 2594 999 2654 monetae
1020 2589 1058 2653 in
1080 2610 1140 2654 suo
1162 2589 1277 2655 robore
1292 2595 1470 2666 teneretur,

417 2703 435 2731 ‘¹
458 2694 542 2760 nihil
565 2693 644 2759 mali
679 2690 906 2778 suspicantes,³
939 2692 998 2756 scd
1031 2693 1068 2756 in
1101 2692 1190 2758 sacto
1212 2693 1361 2779 contigit,
1385 2694 1472 2759 sicut

417 2807 432 2834 ‘¹
456 2805 490 2864 et
520 2798 640 2864 accidit
675 2796 764 2860 inter
786 2795 949 2880 apostolos
978 2794 1059 2859 lesu
1084 2793 1217 2859 Christi.
1264 2793 1358 2858 Inter
1379 2794 1468 2859 enim
1483 2802 1633 2866 Tryseou

417 2911 433 2936 “
457 2901 516 2986 xij.
541 2905 612 2966 erat
634 2920 720 2964 unus
743 2895 849 2961 malus
865 2897 924 2981 qui
946 2895 1114 2961 Cirristum
1131 2895 1292 2976 tradidit3
1314 2896 1470 2961 similiter
1480 2875 1556 2920 ⁹⁵⁰²·

421 3011 438 3038 “
463 3010 496 3067 ct
519 3003 555 3066 in
577 3001 639 3066 hoc
661 3000 751 3066 facto
775 2999 856 3063 fines
878 2997 1029 3062 mandati
1050 2998 1157 3061 nostri
1179 2998 1315 3083 quidam
1349 2999 1469 3083 egressi

420 3115 436 3140 “
459 3111 539 3170 sunt
561 3109 596 3169 ct
618 3104 817 3187 deceperunt
839 3121 909 3180 nos,
932 3100 1021 3164 unde
1044 3100 1153 3184 parati
1176 3121 1290 3164 sumus
1315 3100 1469 3165 emendas

418 3217 436 3244 “
459 3207 563 3274 facere
579 3227 638 3292 pro
654 3205 751 3269 libito
766 3207 885 3268 vestrae
900 3201 1111 3267 voluntatis.’'
1150 3201 1300 3286 Cumque
1316 3201 1473 3288 loquendi

419 3310 520 3374 finem
556 3308 689 3385 faceret,
728 3303 898 3390 respondit
936 3302 1089 3368 Oliverus
1127 3302 1366 3368 Lincolniensis
1404 3303 1470 3390 epi-

253 3435 401 3488 Ammf
420 3432 556 3497 scopus:
593 3417 611 3444 ‘³
621 3408 772 3485 Domine,
796 3406 887 3471 istud
923 3405 1095 3491 negotium
1117 3405 1290 3471 consilinm
1324 3405 1472 3490 requirit.

252 3502 399 3619 llehlsshffl'
421 3523 438 3550 “
461 3514 570 3578 Detur
584 3511 679 3577 nobis
702 3511 772 3575 dies
795 3509 838 3574 ad
852 3507 1090 3573 consulendum
1114 3507 1372 3572 cumfratribus
1398 3528 1473 3572 nos·

255 3586 270 3619 ⁰
315 3583 408 3618 ΝΜ
422 3623 438 3650 “
462 3613 532 3690 tris,
555 3619 590 3679 et
624 3635 666 3678 ex
696 3611 831 3677 consilio
869 3607 1161 3695 respondendum.''
1216 3608 1391 3694 Datusqua
1422 3613 1473 3674 est

421 3717 491 3780 dies
507 3716 635 3780 tertius.
681 3713 821 3778 Interim
845 3733 925 3776 vero
958 3711 1172 3786 consulentes,
1197 3710 1321 3775 diversi
1344 3711 1474 3776 diversa

420 3817 617 3884 censerunt,⁴
673 3814 822 3880 Vacabat
860 3813 949 3878 enim
987 3810 1236 3878 Cantuariensis
1259 3811 1418 3876 ecclesia⁵
1440 3817 1475 3878 et

421 3920 569 3986 membra
599 3919 670 3983 sine
694 3917 800 4002 capite
823 3915 859 3978 in
890 3913 1026 3979 consilio
1049 3913 1195 3998 dispersa
1217 3919 1303 3978 sunt.
1351 3912 1475 3978 Ebora·

423 4023 527 4088 censis
550 4043 628 4086 vero
651 4019 820 4085 lohannes
843 4017 1013 4082 Romanus
1036 4015 1123 4101 regis
1145 4015 1264 4080 timore
1279 4017 1474 4101 perterritus

425 4145 463 4190 eo
496 4123 584 4209 quod
621 4123 692 4208 regi
724 4123 760 4186 in
797 4139 919 4206 magna
949 4139 1079 4182 summa
1109 4119 1258 4202 pecuniae
1289 4118 1474 4194 tenebatur,

424 4227 519 4312 quasi
555 4223 792 4291 dissimulando
832 4219 995 4286 destituit.
1041 4218 1274 4283 Dunelmensis
1306 4219 1474 4284 Antonius

459 4506 532 4574 ¹pro
554 4505 576 4556 is
603 4503 702 4554 written
725 4500 796 4553 twice
818 4515 879 4550 over
900 4497 928 4548 in
1006 4471 1198 4537 'mplfflm''
1220 4472 1272 4532 A.;
1297 4471 1479 4536 'mumma’

425 4587 485 4640 MS·
1008 4629 1263 4688 ⁴rencerunt,MSS.

459 4689 556 4740 ²num
575 4686 688 4777 ‹an-both
706 4685 819 4776 margus
839 4683 861 4732 1⁸
874 4681 929 4732 ΒΘ·
1008 4706 1105 4757 ‘uere
1116 4707 1224 4758 onuou
1236 4707 1348 4776 margins
1360 4707 1381 4759 u
1398 4707 1471 4758 Vm

424 4768 435 4818 l
439 4768 525 4819 “mia
532 4781 564 4831 Pl
567 4781 667 4816 ΟΜΝ
677 4781 691 4814 f
692 4779 752 4829 291³·
976 4785 1086 4836 ecclesia
1099 4785 1304 4838 Caesariensis.
