3625 5784
430 875 473 937 78
706 920 709 926 .
782 886 927 936 sanarer
952 886 1131 934 nummos

264 1079 375 1131 Wintam
429 1073 516 1139 filius
538 1075 610 1160 ejus
632 1075 691 1160 qui
713 1075 895 1140 secundum
919 1074 1030 1161 plures
1051 1072 1292 1160 cronographos
1316 1080 1351 1139 et
1365 1095 1481 1138 secun·

261 1147 405 1278 mim
428 1175 508 1240 dum
524 1178 780 1242 communiorem
797 1177 984 1264 opinionem
1007 1175 1186 1241 multorum
1211 1175 1302 1262 regni
1326 1176 1480 1241 forestam

261 1280 382 1394 {21er
427 1277 564 1364 perfecit
602 1285 636 1344 et
678 1279 754 1344 feris
792 1279 943 1364 replevit,
982 1284 1017 1344 et
1051 1277 1087 1342 in
1121 1279 1235 1343 eadem
1271 1277 1401 1357 foresta,
1441 1284 1481 1343 ut

284 1355 360 1396 Μ’
427 1381 515 1445 infra
552 1379 690 1467 patebit,
727 1381 851 1446 casuali
899 1381 969 1446 ictu
1006 1381 1138 1466 sagitta
1180 1380 1375 1448 interfectus
1411 1387 1480 1460 est;

426 1488 536 1569 potest
570 1488 681 1548 tammr
713 1489 808 1560 stare,
840 1483 928 1569 quod
973 1482 1105 1567 incepit,
1139 1491 1173 1548 et
1205 1483 1293 1549 filius
1331 1505 1480 1550 eonsum-

426 1585 542 1651 mevit.

259 1663 396 1780 munau
471 1686 550 1752 Post
571 1686 827 1773 adquisitionem
851 1685 983 1772 anglia
1013 1685 1199 1752 Willelmus
1221 1709 1280 1752 rex
1304 1687 1370 1774 iiij⁰
1392 1709 1479 1754 anno

259 1788 518 1874 romhyearregni
552 1789 604 1852 sui
643 1809 717 1853 cum
752 1786 888 1852 oonsilio
920 1787 1082 1852 baronum
1115 1809 1250 1854 suorum
1282 1788 1361 1856 fecit
1389 1811 1479 1855 sum-

259 1859 289 1908 ⁰f
425 1889 546 1953 moniri
577 1911 636 1975 per
670 1889 841 1954 universos
872 1888 1004 1974 Angliae
1039 1888 1228 1954 consulatus
1261 1890 1386 1977 Anglos
1420 1913 1478 1955 no·

425 1989 517 2068 biles,
550 1991 723 2075 sapientes,
746 1996 781 2054 et
810 2011 871 2054 sua
902 1988 973 2075 lege
996 1989 1152 2066 eruditos
1176 1995 1215 2056 ut
1246 2013 1358 2056 eorum
1390 1993 1477 2079 leges
1490 2001 1574 2066 Twys.
1587 2006 1635 2054 cnr.

423 2097 458 2158 et
490 2093 595 2170 vitam
627 2099 662 2158 et
695 2090 948 2156 consuetudines
986 2091 1029 2156 ab
1067 2090 1147 2178 ipsis
1185 2091 1323 2159 audiret.
1372 2094 1476 2160 Electi
1489 2071 1564 2122 ²³⁵⁵·

423 2217 500 2281 ergo
538 2194 579 2259 de
615 2194 755 2280 singulis
790 2194 894 2259 totius
927 2193 1046 2280 patriae
1078 2195 1291 2261 comitatibus
1323 2197 1387 2262 viri
1417 2199 1476 2284 xij.

420 2297 637 2382 jurejurando
668 2317 776 2361 eoram
808 2317 885 2382 rege
925 2296 1070 2381 primum
1109 2296 1398 2377 confirmaverunt,
1437 2305 1476 2366 ut

425 2399 513 2483 quod
535 2403 670 2484 possent
687 2403 777 2462 recto
792 2397 926 2462 tramite
942 2417 1048 2483 neque
1071 2397 1114 2463 ad
1137 2398 1288 2464 dextram
1304 2421 1410 2486 neque
1432 2403 1476 2467 ad

257 2493 383 2559 rheyare
423 2499 592 2564 sinistram
615 2500 826 2577 divertentes,
849 2499 960 2585 legum
984 2499 1161 2565 veritatem
1184 2521 1316 2566 suarum
1342 2509 1377 2567 et
1399 2525 1475 2569 con-

256 2561 636 2694 ffiffdgoffisuetudinum
660 2601 724 2665 sibi
747 2600 982 2685 patefacerent,
1007 2600 1056 2664 nil
1090 2603 1393 2686 praetermittentes,
1427 2604 1476 2669 nil

257 2693 326 2742 lawa.
423 2702 591 2779 addentes,
614 2701 662 2766 nil
694 2702 959 2788 praevaricantes,
983 2701 1030 2766 nil
1064 2709 1240 2771 mutantes.
1286 2707 1317 2770 A
1348 2706 1475 2792 legibus

423 2804 537 2891 itaque
575 2809 697 2870 sanctae
736 2803 878 2870 ecclesiae
924 2804 1041 2868 matris
1078 2812 1244 2872 sumentes
1294 2809 1475 2887 exordium,

423 2907 580 2993 quoniam
603 2927 755 2993 peream
787 2909 904 2971 reret
939 2926 1078 2991 regnum
1101 2907 1242 2974 solidum
1273 2909 1473 2975 subsistendi

422 3009 547 3074 habent
569 3008 834 3083 fundamentum,
857 3007 946 3093 leges
968 3005 1137 3074 libertates
1161 3009 1263 3095 ipsius
1287 3012 1377 3096 pacis
1399 3035 1471 3078 con·

422 3109 546 3176 cionati
569 3115 658 3174 sunt.
1291 3170 1296 3180 ,

255 3212 343 3264 Orthe
467 3211 540 3276 ¹De
557 3211 693 3277 Clericis
708 3218 743 3276 et
758 3210 1018 3296 possessionibus
1041 3233 1162 3276 eorum.
1207 3213 1322 3280 Omnis
1339 3217 1474 3283 clericus

252 3280 404 3410 fimi?
420 3320 456 3378 et
477 3313 579 3378 etiam
595 3309 751 3387 scolaris,⁸
766 3333 878 3377 omnes
894 3333 1009 3376 eorum
1031 3334 1082 3377 res
1104 3319 1139 3378 et
1161 3318 1378 3399 possessiones
1401 3320 1474 3385 ubi-

256 3411 374 3462 sessione.
419 3435 550 3499 cunque
575 3414 702 3479 fuerint
724 3431 837 3497 pacem
861 3412 915 3476 dei
939 3418 971 3478 et
996 3413 1138 3480 ecclesiae
1161 3414 1314 3482 habeant.

253 3523 344 3600 ortua
466 3515 517 3580 De
545 3513 748 3600 temporibus
771 3519 806 3577 et
836 3512 953 3577 diebus
976 3515 1066 3599 pacis
1097 3517 1191 3601 regis.
1238 3519 1294 3584 Ab
1324 3521 1473 3586 adventu

252 3592 391 3706 pampopnd
420 3615 545 3680 domini
569 3637 672 3700 usque
707 3614 749 3678 ad
783 3618 917 3678 octavas
952 3613 1147 3701 Epiphaniae
1179 3638 1244 3703 pax
1281 3621 1405 3686 domini
1439 3630 1474 3689 et

252 3673 398 3789 theyKinefs
420 3717 563 3784 ecclesiae
586 3737 761 3804 peremne
790 3735 938 3801 regnum.
984 3717 1147 3784 Similiter
1177 3741 1198 3784 a
1221 3720 1472 3811 Septuagesima

251 3805 337 3850 Μ’
419 3841 522 3905 usque
545 3817 589 3883 ad
612 3824 746 3883 octavas
762 3817 907 3885 Paschae.
958 3819 1053 3895 Item,
1069 3820 1113 3885 ab
1127 3821 1326 3890 Ascensionc
1347 3827 1473 3893 domini

419 3942 522 4006 usque
545 3921 587 3984 ad
611 3924 744 3985 octavas
778 3919 994 3986 Pentecostes.
1042 3920 1137 3999 Item,
1173 3925 1326 3991 omnibus
1357 3929 1473 3994 diebus

419 4024 493 4109 iiij0'
516 4029 710 4108 temporum.
758 4022 853 4099 Item,
877 4023 1029 4087 omnibus
1051 4023 1198 4091 sabbatis
1229 4028 1273 4093 ab
1294 4027 1375 4095 hora
1397 4032 1473 4096 ix⁸³

420 4147 523 4210 usque
553 4123 596 4188 ad
628 4124 716 4189 diem
748 4125 845 4189 lunae.
903 4123 999 4200 Item,
1034 4125 1159 4211 vigiliis
1190 4135 1312 4195 sanctae
1349 4131 1471 4210 Maria

416 4227 524 4292 sancti
557 4225 738 4302 Michaelis,
776 4224 881 4290 saneti
920 4222 1083 4289 Johannis
1121 4227 1291 4313 Baptistae,
1325 4235 1470 4300 omnium

257 1925 413 1992 Conquerar.

450 4431 457 4462 ¹
475 4430 556 4479 These
564 4429 675 4478 lawsare
684 4427 770 4484 found,
779 4425 839 4476 with
848 4441 918 4476 some
969 4427 1071 4490 quoted,
1079 4427 1164 4476 which
1175 4443 1219 4480 are
1235 4431 1279 4483 the
1290 4447 1360 4486 same
1371 4436 1398 4486 in
1410 4439 1472 4488 both

415 4508 516 4560 various
549 4506 667 4573 readings
705 4505 786 4556 which
824 4519 919 4568 appear
970 4505 1119 4568 copiosam
1130 4510 1236 4560 marked
1248 4512 1289 4562 W.

415 4588 513 4652 worthy
524 4586 553 4638 of
571 4585 663 4644 notice,
681 4583 706 4632 in
727 4583 770 4633 the
782 4581 918 4648 appendix
1003 4580 1014 4613 ²
1029 4582 1155 4636 scholares
1166 4595 1189 4636 et
1200 4605 1288 4652 omnee,
1300 4593 1341 4643 W.

414 4675 441 4718 to
449 4667 597 4716 Whelock's
610 4663 691 4721 Beda,
700 4679 725 4726 p.
735 4667 781 4713 188
790 4678 857 4726 seqq.
867 4663 919 4712 aud
1003 4661 1013 4694 ¹
1030 4663 1100 4714 llere
1112 4665 1153 4717 W.
1165 4668 1227 4717 adds
1245 4669 1270 4719 iu
1289 4669 1370 4724 italica
1382 4679 1406 4722 et
1419 4679 1471 4725 fota

413 4746 441 4794 iu
452 4743 573 4805 Willrins,
582 4741 665 4805 Lepet
681 4740 765 4804 Δηρὼ
776 4739 918 4801 Saxonicoe,
970 4741 1012 4792 die
1023 4747 1143 4806 aequente.

414 4839 439 4886 p.
459 4825 504 4872 197
517 4837 583 4882 seqq.
618 4819 672 4868 The
690 4819 789 4868 various
802 4819 918 4882 readings
