3625 5784
395 855 437 915 {ut
753 864 899 912 usurum
925 863 1107 911 uersuros

393 1056 495 1121 donec
520 1055 703 1141 hospicium
729 1051 902 1139 quodlibet
930 1074 989 1138 per
1018 1073 1158 1138 reguum
1189 1051 1310 1118 habuit
1341 1073 1444 1117 uuum

227 1179 353 1242 Outrages
393 1157 527 1223 Danum
560 1157 738 1234 custodem,
765 1161 800 1220 et
826 1155 1024 1242 magistrum
1057 1154 1175 1219 domus
1205 1177 1317 1245 super
1333 1176 1447 1220 omues

225 1243 348 1360 ‘dulgis
394 1261 475 1326 alios
499 1259 646 1346 hospicii.
688 1259 733 1324 Et
757 1258 803 1323 sic
836 1257 1082 1322 defloraverunt
1114 1278 1233 1322 uxores
1259 1263 1388 1321 nostras
1412 1262 1447 1321 et

226 1375 266 1426 his
279 1376 348 1427 sime.
394 1362 478 1427 fflias
503 1369 537 1427 et
563 1361 708 1436 ancillas,
731 1365 765 1424 et
793 1359 899 1424 multa
923 1358 990 1424 alia
1016 1358 1192 1444 opprobria
1218 1365 1252 1424 et
1277 1363 1449 1424 coutume-

393 1464 455 1530 lias
478 1465 687 1550 ingesserunt
710 1462 832 1527 nostris
855 1459 912 1524 in1
936 1461 1140 1545 vituperium
1163 1465 1197 1525 et
1220 1460 1361 1527 dedecus
1377 1463 1447 1525 An·

393 1567 540 1652 glorum;
574 1565 677 1630 donec
709 1563 842 1648 Anglioi
877 1562 1072 1627 necessitate
1106 1563 1211 1628 coacti
1248 1568 1447 1649 acceperunt

227 1681 359 1758 rheung-
393 1667 574 1744 audaciam,
600 1668 850 1750 resumpserunt
881 1662 977 1738 vires,
1006 1668 1040 1726 et
1071 1661 1264 1748 colegerunt
1290 1686 1446 1750 magnum

226 1748 379 1863 ffissgused
394 1770 577 1834 exercitum
623 1767 680 1852 qui
728 1766 919 1830 Howneher
962 1765 1194 1850 appellabatur
1237 1787 1259 1830 a
1303 1768 1447 1852 quodam

226 1880 306 1929 under
395 1871 523 1936 Howne
546 1871 605 1956 qui
628 1869 735 1955 primo
758 1868 801 1932 ad
827 1867 888 1933 hoe
911 1867 1087 1933 consilium
1111 1868 1248 1933 dederat
1271 1873 1306 1934 et
1328 1868 1449 1934 ductor

227 1947 382 2086 diffisos
396 1993 508 2036 eorum
532 1971 666 2051 extitit;
689 1975 723 2034 et
747 1970 794 2034 sic
818 1969 932 2034 Dauos
955 1968 1148 2033 occiderunt
1171 1977 1206 2034 et
1228 1970 1263 2032 iu
1289 1991 1448 2056 magnum

228 2101 316 2152 driven
329 2108 382 2151 out.
395 2073 546 2138 ruborem
570 2072 610 2137 de
634 2071 785 2158 partibus
806 2069 936 2157 Angliae
957 2069 1107 2134 totaliter
1128 2070 1341 2157 fugaverunt,

441 2172 558 2254 Hujus2
582 2181 780 2238 Hardecanuti
815 2186 945 2252 tempore
978 2179 1114 2235 Elfredus
1146 2187 1176 2236 et
1198 2183 1358 2238 Edwardus
1389 2184 1536 2249 filiilligd.
1549 2185 1594 2235 vii.

396 2273 542 2345 quondum
564 2273 643 2341 regis
665 2276 695 2326 et
718 2272 830 2326 Emmss
853 2276 919 2342 post
942 2271 1060 2339 longam
1082 2288 1194 2326 moram
1217 2271 1248 2326 in
1263 2273 1445 2331 Normanuia

396 2367 539 2418 venerunt
577 2362 606 2414 iu
630 2360 780 2431 Angliam,
817 2358 1041 2431 quamplurimis
1078 2359 1180 2431 stipati
1218 2362 1373 2427 militibus,
1407 2365 1445 2419 ad

396 2451 574 2506 usitandum
590 2451 725 2505 Emmam
741 2455 863 2504 matrem
887 2466 969 2503 suam
984 2449 1062 2520 apud
1078 2449 1276 2521 Wyutoniam.
1320 2451 1444 2507 Interim

398 2540 564 2613 Godwynus
602 2539 795 2611 praecogitans
832 2537 972 2593 maritare
1025 2537 1116 2593 filiam
1162 2555 1246 2594 suam
1291 2540 1444 2608 Eduardo,

397 2635 535 2701 tanquam
559 2628 730 2700 simpliciori
752 2633 782 2683 et
805 2626 923 2691 minori,
946 2645 1016 2682 nam
1039 2627 1185 2682 Elfridum
1217 2628 1446 2700 primogenitum

398 2721 470 2774 tales
492 2718 611 2790 nuptias
633 2717 840 2790 parvipendere
863 2717 1038 2779 autumavit.
1054 2717 1297 2790 congregatisque
1319 2721 1447 2791 proceri-

397 2809 451 2863 bus
474 2808 558 2878 regni
581 2807 665 2872 dixit,
692 2809 709 2832 “
722 2807 790 2863 Non
812 2811 856 2862 est
878 2809 976 2861 tutum
1000 2823 1175 2878 quemquam
1198 2813 1320 2879 optentu
1342 2827 1447 2880 cogna-

398 2900 417 2923 “
442 2896 531 2952 tionis
554 2901 667 2952 tantam
690 2895 804 2968 copiam
830 2899 958 2950 externas
984 2900 1015 2950 et
1040 2894 1170 2951 subdolae
1202 2896 1299 2967 gentis
1332 2897 1363 2954 in
1386 2898 1447 2954 An·

398 2989 416 3014 ‘¹
442 2987 533 3058 gliam
548 2985 700 3052 adducere,
717 2989 746 3040 et
761 2984 826 3039 ideo
841 3001 889 3040 eos
904 2984 956 3055 qui
979 2983 1157 3040 advenerant
1179 3003 1280 3057 poeuas
1302 2987 1449 3042 exsolvere

399 3073 417 3102 “
441 3081 572 3148 oportere
583 3077 612 3142 ;''
629 3075 727 3145 sicque
742 3073 820 3144 apud
836 3064 1030 3146 Gyldeforde³
1044 3079 1194 3130 sexcentos
1209 3074 1287 3131 viros
1303 3075 1450 3132 interiecit

399 3165 435 3221 de
458 3164 646 3220 Normannis.
692 3163 769 3219 Nam
796 3161 833 3216 de
858 3161 992 3218 adductis
1014 3179 1120 3218 novem
1143 3181 1256 3235 semper
1278 3163 1451 3237 decapitatis

399 3254 529 3309 decimus
552 3252 702 3317 remansit,
726 3255 756 3306 et
779 3269 845 3306 eum
861 3251 986 3306 nimium
1008 3250 1105 3306 adhuc
1120 3269 1267 3323 superoese
1290 3253 1449 3320 videretur,

400 3343 541 3399 decimam
564 3343 646 3397 illam
669 3345 781 3412 partem
804 3340 899 3394 adhuc
923 3339 1062 3396 decimari
1084 3343 1232 3414 praecepit.
1279 3342 1323 3398 De
1345 3343 1452 3416 quibus

399 3421 581 3505 primordia⁴
614 3431 684 3486 fecit
714 3428 859 3485 viseerum
882 3429 919 3484 ad
952 3429 1034 3500 palas
1066 3435 1175 3486 erectas
1212 3431 1274 3502 figi,
1313 3438 1344 3488 et
1381 3439 1452 3489 tuuc

399 3539 519 3592 corpora
557 3537 655 3576 eorum
696 3518 875 3574 encnmduci
913 3518 1005 3574 donec
1048 3519 1207 3575 norissima
1244 3521 1452 3578 intestinorum

400 3611 630 3666 extraherentur.
698 3607 837 3664 Alfredus
874 3607 952 3680 apud
990 3607 1069 3680 Hely
1107 3609 1211 3664 missus
1249 3615 1304 3677 est,
1341 3617 1372 3666 et
1410 3612 1452 3666 ibi

399 3705 560 3756 excaecatus
595 3697 696 3770 paucis
729 3696 890 3768 supervixit
923 3696 1031 3752 diebus.
1088 3697 1193 3753 Emma
1229 3698 1293 3754 htec
1330 3701 1455 3758 audiens

399 3789 533 3846 celeriter
586 3787 681 3842 filium
727 3805 813 3841 suum
852 3786 1026 3841 Edwardum
1071 3786 1284 3843 Nomanniam
1328 3790 1450 3846 remisit.

401 3879 568 3950 Godwynus
591 3895 609 3931 o
631 3875 798 3947 proceribus
830 3880 860 3930 et
893 3893 911 3930 a
943 3891 1013 3945 rege
1036 3874 1243 3933 Hardecanuto
1266 3878 1452 3949 postmodum

399 3966 435 4022 de
458 3967 516 4022 hiis
540 3965 708 4036 inculpatus
729 3963 842 4038 juravit
865 3964 942 4036 quod
964 3979 1108 4036 nusquam
1131 3964 1203 4021 talia
1226 3966 1296 4022 lecit
1316 3967 1376 4024 uisi
1400 3959 1452 4024 vil

398 4056 481 4127 regia
503 4060 626 4112 euectus.

434 4350 498 4416 ιιἰι]
514 4349 632 4410 et,MS.;
650 4348 734 4408 ian.
952 4347 1011 4396 sati
1030 4347 1051 4396 is
1069 4349 1167 4399 erased.
1209 4348 1266 4402 Tbs
1283 4358 1340 4402 text
1358 4353 1380 4402 is
1397 4369 1453 4405 cor·

434 4427 518 4480 ’ms
542 4427 594 4477 aud
612 4427 646 4476 A.
667 4425 730 4475 both
753 4424 818 4476 have
840 4425 901 4474 here
952 4426 1075 4476 rectediu
1086 4430 1244 4481 seeordsnce
1256 4429 1445 4499 sittingden.

402 4507 489 4572 Hujus
501 4503 684 4555 Hordeconats'
693 4499 801 4567 Elfrsds'
813 4507 836 4552 et
846 4501 901 4552 Ed·
984 4502 996 4535 ³
1015 4503 1171 4570 Gildfforde
1183 4509 1219 4558 A.

402 4584 483 4636 soordi
495 4583 552 4647 filii
572 4581 697 4648 quondam
716 4582 783 4647 repis
795 4579 901 4632 Harde-
984 4582 1168 4648 ⁴prs'mordiis,
1179 4584 1238 4638 MS.

401 4663 489 4714 cunuti
500 4661 624 4726 Eudreds'
640 4665 664 4710 et
679 4659 779 4721 Emmoe,
792 4661 835 4724 &c-
870 4661 900 4709 In
984 4661 995 4694 ⁸
1013 4661 1062 4720 oia,
1075 4660 1132 4714 Ms.
1144 4665 1195 4714 aud
1206 4665 1241 4715 A.
1254 4686 1261 4725 ς
1279 4668 1312 4727 ei,
1324 4667 1403 4735 nigri.

402 4745 445 4806 A„
456 4741 582 4804 however,
594 4739 637 4790 the
655 4739 746 4789 second
766 4735 900 4786 Horrleco·

1460 2257 1514 2312 188,
1527 2257 1582 2301 lto.
