<?xml version="1.0" encoding="UTF-8"?>
<!DOCTYPE html PUBLIC "-//W3C//DTD XHTML 1.0 Transitional//EN"
    "http://www.w3.org/TR/xhtml1/DTD/xhtml1-transitional.dtd">
<html xmlns="http://www.w3.org/1999/xhtml" xml:lang="en" lang="en">
 <head>
  <title>
</title>
<meta http-equiv="Content-Type" content="text/html;charset=utf-8" />
  <meta name='ocr-system' content='tesseract 3.04.00' />
  <meta name='ocr-capabilities' content='ocr_page ocr_carea ocr_par ocr_line ocrx_word'/>
</head>
<body>
  <div class='ocr_page' id='page_1' title='image "./chroniconhenric00lumbgoog_0299.png"; bbox 0 0 3625 5784; ppageno 0'>
   <div class='ocr_carea' id='block_1_1' title="bbox 435 898 1141 968">
    <p class='ocr_par' dir='ltr' id='par_1_1' title="bbox 435 898 1141 968">
     <span class='ocr_line' id='line_1_1' title="bbox 435 898 1141 968; baseline -0.008 -3"><span class='ocrx_word' id='word_1_1' title='bbox 435 898 500 968; x_wconf 83' lang='lat'><strong>276</strong></span> <span class='ocrx_word' id='word_1_2' title='bbox 785 912 934 961; x_wconf 73' lang='lat' dir='ltr'><strong>aenaim</strong></span> <span class='ocrx_word' id='word_1_3' title='bbox 959 910 1141 960; x_wconf 72' lang='lat' dir='ltr'><strong>Karonion·</strong></span> 
     </span>
    </p>
   </div>
   <div class='ocr_carea' id='block_1_2' title="bbox 267 1100 1492 1701">
    <p class='ocr_par' dir='ltr' id='par_1_2' title="bbox 267 1100 1492 1701">
     <span class='ocr_line' id='line_1_2' title="bbox 436 1100 1489 1187; baseline -0.004 -18"><span class='ocrx_word' id='word_1_4' title='bbox 436 1103 588 1169; x_wconf 88' lang='lat' dir='ltr'><strong>Lindesei</strong></span> <span class='ocrx_word' id='word_1_5' title='bbox 621 1104 718 1180; x_wconf 89' lang='lat' dir='ltr'><strong>filius,</strong></span> <span class='ocrx_word' id='word_1_6' title='bbox 753 1102 906 1187; x_wconf 81' lang='lat' dir='ltr'><strong>deminae</strong></span> <span class='ocrx_word' id='word_1_7' title='bbox 939 1101 1111 1167; x_wconf 76' lang='lat' dir='ltr'><strong>lohannes</strong></span> <span class='ocrx_word' id='word_1_8' title='bbox 1143 1100 1218 1166; x_wconf 76' lang='lat' dir='ltr'><strong>Fitz</strong></span> <span class='ocrx_word' id='word_1_9' title='bbox 1253 1100 1395 1177; x_wconf 86' lang='lat' dir='ltr'><strong>Roberd,</strong></span> <span class='ocrx_word' id='word_1_10' title='bbox 1433 1100 1489 1165; x_wconf 89' lang='lat' dir='ltr'><strong>do·</strong></span> 
     </span>
     <span class='ocr_line' id='line_1_3' title="bbox 436 1202 1489 1288; baseline -0.004 -19"><span class='ocrx_word' id='word_1_11' title='bbox 436 1206 546 1269; x_wconf 84' lang='lat' dir='ltr'><strong>minus</strong></span> <span class='ocrx_word' id='word_1_12' title='bbox 578 1206 683 1270; x_wconf 80' lang='lat' dir='ltr'><strong>Lucas</strong></span> <span class='ocrx_word' id='word_1_13' title='bbox 717 1205 758 1269; x_wconf 88' lang='lat' dir='ltr'><strong>de</strong></span> <span class='ocrx_word' id='word_1_14' title='bbox 794 1202 972 1288; x_wconf 65' lang='grc' dir='ltr'><strong>Τιιιιιιθγιι,1</strong></span> <span class='ocrx_word' id='word_1_15' title='bbox 997 1207 1031 1269; x_wconf 86' lang='lat' dir='ltr'><strong>et</strong></span> <span class='ocrx_word' id='word_1_16' title='bbox 1060 1202 1242 1269; x_wconf 87' lang='lat' dir='ltr'><strong>multitudo</strong></span> <span class='ocrx_word' id='word_1_17' title='bbox 1265 1223 1387 1288; x_wconf 83' lang='lat' dir='ltr'><strong>magna</strong></span> <span class='ocrx_word' id='word_1_18' title='bbox 1408 1202 1489 1268; x_wconf 81' lang='lat' dir='ltr'><strong>alio-</strong></span> 
     </span>
     <span class='ocr_line' id='line_1_4' title="bbox 436 1304 1491 1393; baseline -0.002 -20"><span class='ocrx_word' id='word_1_19' title='bbox 436 1330 520 1385; x_wconf 84' lang='lat' dir='ltr'><strong>rum,</strong></span> <span class='ocrx_word' id='word_1_20' title='bbox 557 1313 592 1374; x_wconf 91' lang='lat' dir='ltr'><strong>et</strong></span> <span class='ocrx_word' id='word_1_21' title='bbox 630 1308 692 1374; x_wconf 87' lang='lat' dir='ltr'><strong>hoa</strong></span> <span class='ocrx_word' id='word_1_22' title='bbox 728 1307 870 1393; x_wconf 75' lang='lat' dir='ltr'><strong>contigit</strong></span> <span class='ocrx_word' id='word_1_23' title='bbox 906 1307 943 1371; x_wconf 91' lang='lat' dir='ltr'><strong>in</strong></span> <span class='ocrx_word' id='word_1_24' title='bbox 981 1306 1034 1371; x_wconf 91' lang='lat' dir='ltr'><strong>die</strong></span> <span class='ocrx_word' id='word_1_25' title='bbox 1072 1307 1178 1372; x_wconf 82' lang='lat' dir='ltr'><strong>saneti</strong></span> <span class='ocrx_word' id='word_1_26' title='bbox 1216 1305 1388 1371; x_wconf 86' lang='lat' dir='ltr'><strong>Leonardi.</strong></span> <span class='ocrx_word' id='word_1_27' title='bbox 1446 1304 1491 1371; x_wconf 89' lang='lat' dir='ltr'><strong>Et</strong></span> 
     </span>
     <span class='ocr_line' id='line_1_5' title="bbox 438 1395 1491 1496; baseline -0.003 -22"><span class='ocrx_word' id='word_1_28' title='bbox 438 1411 570 1496; x_wconf 88' lang='lat' dir='ltr'><strong>quando</strong></span> <span class='ocrx_word' id='word_1_29' title='bbox 603 1432 663 1475; x_wconf 85' lang='lat' dir='ltr'><strong>rex</strong></span> <span class='ocrx_word' id='word_1_30' title='bbox 695 1395 828 1475; x_wconf 86' lang='lat' dir='ltr'><strong>audivit</strong></span> <span class='ocrx_word' id='word_1_31' title='bbox 859 1410 901 1474; x_wconf 88' lang='lat' dir='ltr'><strong>de</strong></span> <span class='ocrx_word' id='word_1_32' title='bbox 932 1426 1010 1475; x_wconf 84' lang='lat' dir='ltr'><strong>nece</strong></span> <span class='ocrx_word' id='word_1_33' title='bbox 1042 1409 1156 1495; x_wconf 88' lang='lat' dir='ltr'><strong>populi</strong></span> <span class='ocrx_word' id='word_1_34' title='bbox 1192 1409 1252 1485; x_wconf 85' lang='lat' dir='ltr'><strong>sui,</strong></span> <span class='ocrx_word' id='word_1_35' title='bbox 1287 1408 1323 1473; x_wconf 93' lang='lat' dir='ltr'><strong>in</strong></span> <span class='ocrx_word' id='word_1_36' title='bbox 1357 1412 1491 1473; x_wconf 82' lang='lat' dir='ltr'><strong>tantum</strong></span> 
     </span>
     <span class='ocr_line' id='line_1_6' title="bbox 439 1506 1492 1596; baseline -0.004 -21"><span class='ocrx_word' id='word_1_37' title='bbox 439 1511 546 1576; x_wconf 86' lang='lat' dir='ltr'><strong>doluit</strong></span> <span class='ocrx_word' id='word_1_38' title='bbox 569 1512 657 1596; x_wconf 91' lang='lat' dir='ltr'>quod</span> <span class='ocrx_word' id='word_1_39' title='bbox 679 1510 747 1576; x_wconf 81' lang='lat' dir='ltr'><strong>fere</strong></span> <span class='ocrx_word' id='word_1_40' title='bbox 770 1509 952 1588; x_wconf 80' lang='lat' dir='ltr'><strong>insanivit3</strong></span> <span class='ocrx_word' id='word_1_41' title='bbox 974 1513 1008 1575; x_wconf 91' lang='lat' dir='ltr'><strong>et</strong></span> <span class='ocrx_word' id='word_1_42' title='bbox 1040 1510 1254 1596; x_wconf 74' lang='lat' dir='ltr'>congregavit</span> <span class='ocrx_word' id='word_1_43' title='bbox 1285 1506 1492 1574; x_wconf 75' lang='lat' dir='ltr'><strong>exercitunr²</strong></span> 
     </span>
     <span class='ocr_line' id='line_1_7' title="bbox 267 1611 1490 1701; baseline -0.002 -21"><span class='ocrx_word' id='word_1_44' title='bbox 267 1645 386 1697; x_wconf 76' lang='lat' dir='ltr'><strong>Another</strong></span> <span class='ocrx_word' id='word_1_45' title='bbox 439 1620 474 1680; x_wconf 89' lang='lat' dir='ltr'><strong>et</strong></span> <span class='ocrx_word' id='word_1_46' title='bbox 508 1616 654 1701; x_wconf 83' lang='lat' dir='ltr'><strong>perrexit</strong></span> <span class='ocrx_word' id='word_1_47' title='bbox 687 1615 723 1678; x_wconf 93' lang='lat' dir='ltr'><strong>in</strong></span> <span class='ocrx_word' id='word_1_48' title='bbox 755 1613 911 1680; x_wconf 85' lang='lat' dir='ltr'><strong>Walliam</strong></span> <span class='ocrx_word' id='word_1_49' title='bbox 945 1634 1020 1679; x_wconf 89' lang='lat' dir='ltr'><strong>eum</strong></span> <span class='ocrx_word' id='word_1_50' title='bbox 1051 1612 1247 1678; x_wconf 85' lang='lat' dir='ltr'><strong>fortitudine</strong></span> <span class='ocrx_word' id='word_1_51' title='bbox 1282 1611 1418 1677; x_wconf 83' lang='lat' dir='ltr'><strong>robusta</strong></span> <span class='ocrx_word' id='word_1_52' title='bbox 1449 1611 1490 1677; x_wconf 88' lang='lat' dir='ltr'><strong>de</strong></span> 
     </span>
    </p>
   </div>
   <div class='ocr_carea' id='block_1_3' title="bbox 269 1712 1494 4249">
    <p class='ocr_par' dir='ltr' id='par_1_3' title="bbox 269 1712 1494 4249">
     <span class='ocr_line' id='line_1_8' title="bbox 269 1712 1491 1827; baseline -0.001 -49"><span class='ocrx_word' id='word_1_53' title='bbox 269 1717 411 1827; x_wconf 51' lang='lat' dir='ltr'><strong>&amp;prt</strong></span> <span class='ocrx_word' id='word_1_54' title='bbox 440 1715 590 1802; x_wconf 84' lang='lat' dir='ltr'><strong>Anglieis</strong></span> <span class='ocrx_word' id='word_1_55' title='bbox 605 1722 640 1780; x_wconf 88' lang='lat' dir='ltr'><strong>et</strong></span> <span class='ocrx_word' id='word_1_56' title='bbox 656 1715 845 1781; x_wconf 83' lang='lat' dir='ltr'><strong>Gasconieis</strong></span> <span class='ocrx_word' id='word_1_57' title='bbox 858 1713 881 1795; x_wconf 76' lang='lat'><strong>3³</strong></span> <span class='ocrx_word' id='word_1_58' title='bbox 904 1718 939 1779; x_wconf 93' lang='lat' dir='ltr'><strong>et</strong></span> <span class='ocrx_word' id='word_1_59' title='bbox 954 1713 1135 1780; x_wconf 86' lang='lat' dir='ltr'><strong>Wallenses</strong></span> <span class='ocrx_word' id='word_1_60' title='bbox 1150 1735 1223 1778; x_wconf 87' lang='lat' dir='ltr'><strong>curn</strong></span> <span class='ocrx_word' id='word_1_61' title='bbox 1244 1712 1491 1799; x_wconf 81' lang='lat' dir='ltr'><strong>intelligerent⁴</strong></span> 
     </span>
     <span class='ocr_line' id='line_1_9' title="bbox 269 1792 1492 1903; baseline -0.002 -22"><span class='ocrx_word' id='word_1_62' title='bbox 269 1792 296 1827; x_wconf 60' lang='grc' dir='ltr'>ω</span> <span class='ocrx_word' id='word_1_63' title='bbox 366 1794 427 1830; x_wconf 52' lang='grc' dir='ltr'><strong>ω’</strong></span> <span class='ocrx_word' id='word_1_64' title='bbox 440 1817 481 1881; x_wconf 91' lang='lat' dir='ltr'><strong>de</strong></span> <span class='ocrx_word' id='word_1_65' title='bbox 504 1823 601 1883; x_wconf 86' lang='lat' dir='ltr'><strong>tanta</strong></span> <span class='ocrx_word' id='word_1_66' title='bbox 624 1817 838 1882; x_wconf 89' lang='lat' dir='ltr'><strong>multitudine</strong></span> <span class='ocrx_word' id='word_1_67' title='bbox 860 1817 1015 1881; x_wconf 89' lang='lat' dir='ltr'><strong>veniente</strong></span> <span class='ocrx_word' id='word_1_68' title='bbox 1038 1820 1233 1903; x_wconf 81' lang='lat' dir='ltr'><strong>receperunt</strong></span> <span class='ocrx_word' id='word_1_69' title='bbox 1255 1836 1289 1880; x_wconf 86' lang='lat' dir='ltr'><strong>se</strong></span> <span class='ocrx_word' id='word_1_70' title='bbox 1312 1816 1348 1878; x_wconf 94' lang='lat' dir='ltr'><strong>in</strong></span> <span class='ocrx_word' id='word_1_71' title='bbox 1371 1814 1492 1880; x_wconf 90' lang='lat' dir='ltr'><strong>monti·</strong></span> 
     </span>
     <span class='ocr_line' id='line_1_10' title="bbox 440 1918 1492 2004; baseline -0.001 -20"><span class='ocrx_word' id='word_1_72' title='bbox 440 1919 502 1985; x_wconf 84' lang='lat' dir='ltr'><strong>bus</strong></span> <span class='ocrx_word' id='word_1_73' title='bbox 526 1919 569 1983; x_wconf 87' lang='lat' dir='ltr'><strong>ad</strong></span> <span class='ocrx_word' id='word_1_74' title='bbox 591 1920 714 2004; x_wconf 83' lang='lat' dir='ltr'><strong>seipsos</strong></span> <span class='ocrx_word' id='word_1_75' title='bbox 744 1918 927 1983; x_wconf 83' lang='lat' dir='ltr'><strong>salvandos.</strong></span> <span class='ocrx_word' id='word_1_76' title='bbox 974 1918 1019 1983; x_wconf 85' lang='lat' dir='ltr'><strong>Et</strong></span> <span class='ocrx_word' id='word_1_77' title='bbox 1040 1918 1174 1983; x_wconf 86' lang='lat' dir='ltr'><strong>tandem</strong></span> <span class='ocrx_word' id='word_1_78' title='bbox 1207 1918 1312 1982; x_wconf 87' lang='lat' dir='ltr'><strong>nostri</strong></span> <span class='ocrx_word' id='word_1_79' title='bbox 1335 1921 1492 2002; x_wconf 83' lang='lat' dir='ltr'><strong>oeperunt</strong></span> 
     </span>
     <span class='ocr_line' id='line_1_11' title="bbox 271 2019 1491 2106; baseline -0.007 -14"><span class='ocrx_word' id='word_1_80' title='bbox 271 2041 403 2106; x_wconf 70' lang='lat' dir='ltr'><strong>conquest</strong></span> <span class='ocrx_word' id='word_1_81' title='bbox 442 2020 585 2085; x_wconf 87' lang='lat' dir='ltr'><strong>insulam</strong></span> <span class='ocrx_word' id='word_1_82' title='bbox 608 2022 649 2086; x_wconf 88' lang='lat' dir='ltr'><strong>de</strong></span> <span class='ocrx_word' id='word_1_83' title='bbox 672 2020 865 2106; x_wconf 84' lang='lat' dir='ltr'><strong>Angleseye,</strong></span> <span class='ocrx_word' id='word_1_84' title='bbox 889 2024 923 2085; x_wconf 82' lang='lat' dir='ltr'><strong>et</strong></span> <span class='ocrx_word' id='word_1_85' title='bbox 946 2020 1033 2087; x_wconf 77' lang='lat' dir='ltr'><strong>eirca</strong></span> <span class='ocrx_word' id='word_1_86' title='bbox 1055 2020 1176 2085; x_wconf 82' lang='lat' dir='ltr'><strong>festum</strong></span> <span class='ocrx_word' id='word_1_87' title='bbox 1207 2020 1313 2085; x_wconf 84' lang='lat' dir='ltr'><strong>saneti</strong></span> <span class='ocrx_word' id='word_1_88' title='bbox 1336 2019 1491 2085; x_wconf 85' lang='lat' dir='ltr'><strong>Nieholai</strong></span> 
     </span>
     <span class='ocr_line' id='line_1_12' title="bbox 269 2108 1492 2240; baseline 0 -53"><span class='ocrx_word' id='word_1_89' title='bbox 269 2108 409 2240; x_wconf 48' lang='lat' dir='ltr'><strong>ffiffssle·</strong></span> <span class='ocrx_word' id='word_1_90' title='bbox 440 2122 610 2189; x_wconf 70' lang='lat' dir='ltr'><strong>deseendit</strong></span> <span class='ocrx_word' id='word_1_91' title='bbox 625 2122 793 2188; x_wconf 89' lang='lat' dir='ltr'><strong>Lewlinus</strong></span> <span class='ocrx_word' id='word_1_92' title='bbox 807 2144 883 2188; x_wconf 84' lang='lat' dir='ltr'><strong>eum</strong></span> <span class='ocrx_word' id='word_1_93' title='bbox 903 2120 994 2188; x_wconf 66' lang='lat' dir='ltr'><strong>uno⁶</strong></span> <span class='ocrx_word' id='word_1_94' title='bbox 1008 2122 1172 2207; x_wconf 85' lang='lat' dir='ltr'><strong>armigero</strong></span> <span class='ocrx_word' id='word_1_95' title='bbox 1194 2121 1235 2187; x_wconf 93' lang='lat' dir='ltr'><strong>de</strong></span> <span class='ocrx_word' id='word_1_96' title='bbox 1258 2122 1425 2187; x_wconf 86' lang='lat' dir='ltr'><strong>montibus</strong></span> <span class='ocrx_word' id='word_1_97' title='bbox 1448 2122 1492 2187; x_wconf 83' lang='lat' dir='ltr'><strong>ad</strong></span> 
     </span>
     <span class='ocr_line' id='line_1_13' title="bbox 441 2223 1492 2311; baseline 0 -24"><span class='ocrx_word' id='word_1_98' title='bbox 441 2225 679 2301; x_wconf 86' lang='lat' dir='ltr'><strong>explorandum</strong></span> <span class='ocrx_word' id='word_1_99' title='bbox 710 2231 805 2311; x_wconf 84' lang='lat' dir='ltr'><strong>geste</strong></span> <span class='ocrx_word' id='word_1_100' title='bbox 827 2224 1021 2310; x_wconf 80' lang='lat' dir='ltr'><strong>Anglorum‚</strong></span> <span class='ocrx_word' id='word_1_101' title='bbox 1052 2228 1086 2288; x_wconf 85' lang='lat' dir='ltr'><strong>et</strong></span> <span class='ocrx_word' id='word_1_102' title='bbox 1119 2223 1245 2289; x_wconf 88' lang='lat' dir='ltr'><strong>dimisit</strong></span> <span class='ocrx_word' id='word_1_103' title='bbox 1267 2228 1375 2288; x_wconf 91' lang='lat' dir='ltr'><strong>totum</strong></span> <span class='ocrx_word' id='word_1_104' title='bbox 1400 2245 1492 2288; x_wconf 87' lang='lat' dir='ltr'><strong>exer·</strong></span> 
     </span>
     <span class='ocr_line' id='line_1_14' title="bbox 440 2324 1491 2412; baseline -0.001 -21"><span class='ocrx_word' id='word_1_105' title='bbox 440 2330 544 2392; x_wconf 67' lang='lat' dir='ltr'><strong>tatum</strong></span> <span class='ocrx_word' id='word_1_106' title='bbox 577 2347 674 2391; x_wconf 86' lang='lat' dir='ltr'><strong>suum</strong></span> <span class='ocrx_word' id='word_1_107' title='bbox 708 2327 743 2390; x_wconf 89' lang='lat' dir='ltr'><strong>in</strong></span> <span class='ocrx_word' id='word_1_108' title='bbox 777 2325 954 2392; x_wconf 86' lang='lat' dir='ltr'><strong>montibus.</strong></span> <span class='ocrx_word' id='word_1_109' title='bbox 1002 2324 1050 2389; x_wconf 87' lang='lat' dir='ltr'><strong>Eo</strong></span> <span class='ocrx_word' id='word_1_110' title='bbox 1084 2330 1230 2412; x_wconf 87' lang='lat' dir='ltr'><strong>tempore</strong></span> <span class='ocrx_word' id='word_1_111' title='bbox 1267 2347 1327 2391; x_wconf 87' lang='lat' dir='ltr'><strong>rex</strong></span> <span class='ocrx_word' id='word_1_112' title='bbox 1359 2326 1425 2391; x_wconf 91' lang='lat' dir='ltr'><strong>fuit</strong></span> <span class='ocrx_word' id='word_1_113' title='bbox 1456 2327 1491 2390; x_wconf 92' lang='lat' dir='ltr'><strong>in</strong></span> 
     </span>
     <span class='ocr_line' id='line_1_15' title="bbox 441 2426 1492 2513; baseline -0.001 -20"><span class='ocrx_word' id='word_1_114' title='bbox 441 2434 548 2494; x_wconf 82' lang='lat' dir='ltr'><strong>eastre</strong></span> <span class='ocrx_word' id='word_1_115' title='bbox 582 2428 623 2492; x_wconf 89' lang='lat' dir='ltr'><strong>de</strong></span> <span class='ocrx_word' id='word_1_116' title='bbox 650 2426 824 2493; x_wconf 84' lang='lat' dir='ltr'><strong>Rothelan.</strong></span> <span class='ocrx_word' id='word_1_117' title='bbox 872 2427 965 2493; x_wconf 84' lang='lat' dir='ltr'><strong>Tune</strong></span> <span class='ocrx_word' id='word_1_118' title='bbox 989 2426 1157 2493; x_wconf 83' lang='lat' dir='ltr'><strong>Lewlinus</strong></span> <span class='ocrx_word' id='word_1_119' title='bbox 1180 2426 1268 2494; x_wconf 89' lang='lat' dir='ltr'><strong>vidit</strong></span> <span class='ocrx_word' id='word_1_120' title='bbox 1299 2427 1388 2513; x_wconf 86' lang='lat' dir='ltr'>quod</span> <span class='ocrx_word' id='word_1_121' title='bbox 1421 2430 1492 2494; x_wconf 88' lang='lat' dir='ltr'><strong>An-</strong></span> 
     </span>
     <span class='ocr_line' id='line_1_16' title="bbox 439 2527 1490 2617; baseline 0.001 -23"><span class='ocrx_word' id='word_1_122' title='bbox 439 2530 517 2616; x_wconf 85' lang='lat' dir='ltr'><strong>glici</strong></span> <span class='ocrx_word' id='word_1_123' title='bbox 549 2530 749 2596; x_wconf 86' lang='lat' dir='ltr'><strong>transierant</strong></span> <span class='ocrx_word' id='word_1_124' title='bbox 779 2551 900 2615; x_wconf 86' lang='lat' dir='ltr'><strong>aquam</strong></span> <span class='ocrx_word' id='word_1_125' title='bbox 933 2527 1144 2607; x_wconf 79' lang='lat' dir='ltr'><strong>Heliswath,⁶</strong></span> <span class='ocrx_word' id='word_1_126' title='bbox 1167 2536 1201 2595; x_wconf 92' lang='lat' dir='ltr'><strong>et</strong></span> <span class='ocrx_word' id='word_1_127' title='bbox 1223 2530 1379 2595; x_wconf 83' lang='lat' dir='ltr'><strong>festinato</strong></span> <span class='ocrx_word' id='word_1_128' title='bbox 1408 2530 1490 2617; x_wconf 90' lang='lat' dir='ltr'><strong>pede</strong></span> 
     </span>
     <span class='ocr_line' id='line_1_17' title="bbox 440 2632 1492 2718; baseline 0.001 -21"><span class='ocrx_word' id='word_1_129' title='bbox 440 2634 641 2698; x_wconf 75' lang='lat' dir='ltr'><strong>transierant</strong></span> <span class='ocrx_word' id='word_1_130' title='bbox 656 2654 770 2698; x_wconf 84' lang='lat' dir='ltr'><strong>versus</strong></span> <span class='ocrx_word' id='word_1_131' title='bbox 781 2632 972 2710; x_wconf 76' lang='lat' dir='ltr'><strong>wallenses,</strong></span> <span class='ocrx_word' id='word_1_132' title='bbox 988 2633 1057 2717; x_wconf 89' lang='lat' dir='ltr'><strong>ipse</strong></span> <span class='ocrx_word' id='word_1_133' title='bbox 1073 2632 1240 2698; x_wconf 83' lang='lat' dir='ltr'><strong>Lawlinus</strong></span> <span class='ocrx_word' id='word_1_134' title='bbox 1255 2654 1354 2718; x_wconf 87' lang='lat' dir='ltr'><strong>quam</strong></span> <span class='ocrx_word' id='word_1_135' title='bbox 1370 2638 1492 2699; x_wconf 82' lang='lat' dir='ltr'><strong>secrete</strong></span> 
     </span>
     <span class='ocr_line' id='line_1_18' title="bbox 442 2735 1490 2822; baseline -0.003 -21"><span class='ocrx_word' id='word_1_136' title='bbox 442 2737 553 2822; x_wconf 85' lang='lat' dir='ltr'><strong>potuit</strong></span> <span class='ocrx_word' id='word_1_137' title='bbox 586 2736 759 2801; x_wconf 73' lang='lat' dir='ltr'><strong>festinavit</strong></span> <span class='ocrx_word' id='word_1_138' title='bbox 782 2757 895 2800; x_wconf 81' lang='lat' dir='ltr'><strong>versus</strong></span> <span class='ocrx_word' id='word_1_139' title='bbox 918 2735 1100 2799; x_wconf 83' lang='lat' dir='ltr'><strong>exereitum</strong></span> <span class='ocrx_word' id='word_1_140' title='bbox 1133 2758 1239 2816; x_wconf 86' lang='lat' dir='ltr'><strong>suum,</strong></span> <span class='ocrx_word' id='word_1_141' title='bbox 1271 2737 1328 2801; x_wconf 88' lang='lat' dir='ltr'><strong>sed</strong></span> <span class='ocrx_word' id='word_1_142' title='bbox 1356 2735 1490 2821; x_wconf 85' lang='lat' dir='ltr'><strong>quidam</strong></span> 
     </span>
     <span class='ocr_line' id='line_1_19' title="bbox 441 2835 1492 2926; baseline -0.001 -23"><span class='ocrx_word' id='word_1_143' title='bbox 441 2837 633 2926; x_wconf 77' lang='lat' dir='ltr'><strong>Stephanus</strong></span> <span class='ocrx_word' id='word_1_144' title='bbox 667 2838 708 2903; x_wconf 86' lang='lat' dir='ltr'><strong>de</strong></span> <span class='ocrx_word' id='word_1_145' title='bbox 741 2837 918 2904; x_wconf 86' lang='lat' dir='ltr'><strong>Fenketon</strong></span> <span class='ocrx_word' id='word_1_146' title='bbox 942 2835 1130 2922; x_wconf 74' lang='lat' dir='ltr'><strong>exploravit</strong></span> <span class='ocrx_word' id='word_1_147' title='bbox 1161 2843 1196 2902; x_wconf 92' lang='lat' dir='ltr'><strong>et</strong></span> <span class='ocrx_word' id='word_1_148' title='bbox 1230 2839 1384 2923; x_wconf 80' lang='lat' dir='ltr'><strong>cognovit</strong></span> <span class='ocrx_word' id='word_1_149' title='bbox 1416 2859 1492 2903; x_wconf 89' lang='lat' dir='ltr'><strong>eum</strong></span> 
     </span>
     <span class='ocr_line' id='line_1_20' title="bbox 272 2938 1493 3053; baseline -0.001 -47"><span class='ocrx_word' id='word_1_150' title='bbox 272 2948 420 3053; x_wconf 55' lang='lat' dir='ltr'><strong>Manaprot</strong></span> <span class='ocrx_word' id='word_1_151' title='bbox 439 2939 638 3007; x_wconf 84' lang='lat' dir='ltr'><strong>Wallensem</strong></span> <span class='ocrx_word' id='word_1_152' title='bbox 662 2962 739 3019; x_wconf 85' lang='lat' dir='ltr'><strong>esse,</strong></span> <span class='ocrx_word' id='word_1_153' title='bbox 761 2945 796 3005; x_wconf 88' lang='lat' dir='ltr'><strong>et</strong></span> <span class='ocrx_word' id='word_1_154' title='bbox 818 2941 848 3004; x_wconf 91' lang='lat' dir='ltr'><strong>ei</strong></span> <span class='ocrx_word' id='word_1_155' title='bbox 873 2960 1054 3017; x_wconf 72' lang='lat' dir='ltr'><strong>aaaurrenS,</strong></span> <span class='ocrx_word' id='word_1_156' title='bbox 1073 2938 1257 3025; x_wconf 76' lang='lat' dir='ltr'><strong>percussit⁷</strong></span> <span class='ocrx_word' id='word_1_157' title='bbox 1280 2960 1355 3005; x_wconf 87' lang='lat' dir='ltr'><strong>eum</strong></span> <span class='ocrx_word' id='word_1_158' title='bbox 1379 2940 1493 3005; x_wconf 83' lang='lat' dir='ltr'><strong>lancea</strong></span> 
     </span>
     <span class='ocr_line' id='line_1_21' title="bbox 269 3014 1493 3146; baseline -0.002 -37"><span class='ocrx_word' id='word_1_159' title='bbox 269 3014 427 3146; x_wconf 35' lang='lat' dir='ltr'>math,</span> <span class='ocrx_word' id='word_1_160' title='bbox 440 3048 474 3109; x_wconf 86' lang='lat' dir='ltr'><strong>et</strong></span> <span class='ocrx_word' id='word_1_161' title='bbox 497 3044 678 3129; x_wconf 85' lang='lat' dir='ltr'><strong>perforavit</strong></span> <span class='ocrx_word' id='word_1_162' title='bbox 700 3044 806 3108; x_wconf 87' lang='lat' dir='ltr'><strong>latera</strong></span> <span class='ocrx_word' id='word_1_163' title='bbox 828 3042 899 3127; x_wconf 85' lang='lat' dir='ltr'><strong>ejus</strong></span> <span class='ocrx_word' id='word_1_164' title='bbox 919 3046 954 3107; x_wconf 88' lang='lat' dir='ltr'><strong>et</strong></span> <span class='ocrx_word' id='word_1_165' title='bbox 976 3046 1127 3106; x_wconf 86' lang='lat' dir='ltr'><strong>mortuus</strong></span> <span class='ocrx_word' id='word_1_166' title='bbox 1147 3046 1219 3120; x_wconf 88' lang='lat' dir='ltr'><strong>est;</strong></span> <span class='ocrx_word' id='word_1_167' title='bbox 1242 3048 1277 3108; x_wconf 90' lang='lat' dir='ltr'><strong>et</strong></span> <span class='ocrx_word' id='word_1_168' title='bbox 1297 3064 1335 3109; x_wconf 90' lang='lat' dir='ltr'><strong>eo</strong></span> <span class='ocrx_word' id='word_1_169' title='bbox 1358 3042 1493 3107; x_wconf 81' lang='lat' dir='ltr'><strong>dimisso</strong></span> 
     </span>
     <span class='ocr_line' id='line_1_22' title="bbox 441 3142 1493 3213; baseline 0.001 -4"><span class='ocrx_word' id='word_1_170' title='bbox 441 3147 556 3211; x_wconf 84' lang='lat' dir='ltr'><strong>statim</strong></span> <span class='ocrx_word' id='word_1_171' title='bbox 578 3146 679 3213; x_wconf 89' lang='lat' dir='ltr'><strong>rediit</strong></span> <span class='ocrx_word' id='word_1_172' title='bbox 701 3146 744 3211; x_wconf 89' lang='lat' dir='ltr'><strong>ad</strong></span> <span class='ocrx_word' id='word_1_173' title='bbox 768 3146 949 3212; x_wconf 86' lang='lat' dir='ltr'><strong>exereitum</strong></span> <span class='ocrx_word' id='word_1_174' title='bbox 973 3166 1077 3209; x_wconf 86' lang='lat' dir='ltr'><strong>suum.</strong></span> <span class='ocrx_word' id='word_1_175' title='bbox 1123 3142 1305 3209; x_wconf 87' lang='lat' dir='ltr'><strong>Wallenses</strong></span> <span class='ocrx_word' id='word_1_176' title='bbox 1327 3148 1493 3211; x_wconf 86' lang='lat' dir='ltr'><strong>steterunt</strong></span> 
     </span>
     <span class='ocr_line' id='line_1_23' title="bbox 441 3248 1492 3335; baseline 0 -24"><span class='ocrx_word' id='word_1_177' title='bbox 441 3248 557 3314; x_wconf 82' lang='lat' dir='ltr'><strong>directi</strong></span> <span class='ocrx_word' id='word_1_178' title='bbox 594 3271 653 3335; x_wconf 87' lang='lat' dir='ltr'><strong>per</strong></span> <span class='ocrx_word' id='word_1_179' title='bbox 690 3248 775 3314; x_wconf 84' lang='lat' dir='ltr'><strong>acies</strong></span> <span class='ocrx_word' id='word_1_180' title='bbox 807 3270 905 3333; x_wconf 87' lang='lat' dir='ltr'><strong>super</strong></span> <span class='ocrx_word' id='word_1_181' title='bbox 940 3251 1069 3312; x_wconf 88' lang='lat' dir='ltr'><strong>montes</strong></span> <span class='ocrx_word' id='word_1_182' title='bbox 1104 3250 1316 3332; x_wconf 83' lang='lat' dir='ltr'><strong>expectantes</strong></span> <span class='ocrx_word' id='word_1_183' title='bbox 1348 3248 1492 3313; x_wconf 89' lang='lat' dir='ltr'><strong>reditum</strong></span> 
     </span>
     <span class='ocr_line' id='line_1_24' title="bbox 440 3347 1491 3436; baseline 0.001 -23"><span class='ocrx_word' id='word_1_184' title='bbox 440 3350 565 3414; x_wconf 88' lang='lat' dir='ltr'><strong>domini</strong></span> <span class='ocrx_word' id='word_1_185' title='bbox 610 3350 670 3415; x_wconf 88' lang='lat' dir='ltr'><strong>sui.</strong></span> <span class='ocrx_word' id='word_1_186' title='bbox 732 3350 778 3414; x_wconf 87' lang='lat' dir='ltr'><strong>Et</strong></span> <span class='ocrx_word' id='word_1_187' title='bbox 814 3349 944 3435; x_wconf 83' lang='lat' dir='ltr'><strong>Angliei</strong></span> <span class='ocrx_word' id='word_1_188' title='bbox 983 3348 1097 3413; x_wconf 85' lang='lat' dir='ltr'><strong>statim</strong></span> <span class='ocrx_word' id='word_1_189' title='bbox 1135 3347 1332 3414; x_wconf 84' lang='lat' dir='ltr'><strong>direxerunt</strong></span> <span class='ocrx_word' id='word_1_190' title='bbox 1376 3350 1491 3436; x_wconf 87' lang='lat' dir='ltr'><strong>pedem</strong></span> 
     </span>
     <span class='ocr_line' id='line_1_25' title="bbox 440 3451 1493 3537; baseline 0.002 -22"><span class='ocrx_word' id='word_1_191' title='bbox 440 3474 555 3516; x_wconf 86' lang='lat' dir='ltr'><strong>versus</strong></span> <span class='ocrx_word' id='word_1_192' title='bbox 589 3474 653 3529; x_wconf 80' lang='lat' dir='ltr'><strong>ees,</strong></span> <span class='ocrx_word' id='word_1_193' title='bbox 688 3458 723 3518; x_wconf 85' lang='lat' dir='ltr'><strong>st</strong></span> <span class='ocrx_word' id='word_1_194' title='bbox 745 3452 935 3537; x_wconf 82' lang='lat' dir='ltr'><strong>sagittarios</strong></span> <span class='ocrx_word' id='word_1_195' title='bbox 968 3452 1090 3515; x_wconf 86' lang='lat' dir='ltr'><strong>multos</strong></span> <span class='ocrx_word' id='word_1_196' title='bbox 1125 3472 1167 3515; x_wconf 85' lang='lat' dir='ltr'><strong>ex</strong></span> <span class='ocrx_word' id='word_1_197' title='bbox 1202 3451 1248 3515; x_wconf 85' lang='lat' dir='ltr'><strong>eie</strong></span> <span class='ocrx_word' id='word_1_198' title='bbox 1282 3452 1472 3517; x_wconf 78' lang='lat' dir='ltr'><strong>oeciderunt</strong></span> <span class='ocrx_word' id='word_1_199' title='bbox 1484 3475 1493 3532; x_wconf 92' lang='lat'>;</span> 
     </span>
     <span class='ocr_line' id='line_1_26' title="bbox 272 3551 1494 3639; baseline 0.004 -26"><span class='ocrx_word' id='word_1_200' title='bbox 272 3564 325 3613; x_wconf 74' lang='lat' dir='ltr'><strong>vhe</strong></span> <span class='ocrx_word' id='word_1_201' title='bbox 338 3564 427 3614; x_wconf 73' lang='lat' dir='ltr'><strong>warh</strong></span> <span class='ocrx_word' id='word_1_202' title='bbox 441 3554 575 3619; x_wconf 90' lang='lat' dir='ltr'><strong>tandem</strong></span> <span class='ocrx_word' id='word_1_203' title='bbox 605 3555 724 3619; x_wconf 86' lang='lat' dir='ltr'><strong>armati</strong></span> <span class='ocrx_word' id='word_1_204' title='bbox 754 3551 861 3618; x_wconf 85' lang='lat' dir='ltr'><strong>nostri</strong></span> <span class='ocrx_word' id='word_1_205' title='bbox 884 3557 1043 3639; x_wconf 87' lang='lat' dir='ltr'><strong>ceperunt</strong></span> <span class='ocrx_word' id='word_1_206' title='bbox 1065 3558 1211 3618; x_wconf 82' lang='lat' dir='ltr'><strong>montem</strong></span> <span class='ocrx_word' id='word_1_207' title='bbox 1233 3575 1332 3639; x_wconf 86' lang='lat' dir='ltr'><strong>super</strong></span> <span class='ocrx_word' id='word_1_208' title='bbox 1362 3575 1424 3631; x_wconf 85' lang='lat' dir='ltr'><strong>eos,</strong></span> <span class='ocrx_word' id='word_1_209' title='bbox 1458 3558 1494 3619; x_wconf 92' lang='lat' dir='ltr'><strong>et</strong></span> 
     </span>
     <span class='ocr_line' id='line_1_27' title="bbox 270 3632 1492 3747; baseline 0.002 -29"><span class='ocrx_word' id='word_1_210' title='bbox 270 3632 372 3747; x_wconf 46' lang='grc' dir='ltr'><strong>ἓξὲξ·</strong></span> <span class='ocrx_word' id='word_1_211' title='bbox 442 3655 553 3741; x_wconf 83' lang='lat' dir='ltr'><strong>plures</strong></span> <span class='ocrx_word' id='word_1_212' title='bbox 583 3676 695 3720; x_wconf 88' lang='lat' dir='ltr'><strong>eorum</strong></span> <span class='ocrx_word' id='word_1_213' title='bbox 718 3656 755 3719; x_wconf 89' lang='lat' dir='ltr'><strong>in</strong></span> <span class='ocrx_word' id='word_1_214' title='bbox 777 3654 891 3741; x_wconf 85' lang='lat' dir='ltr'><strong>fugam</strong></span> <span class='ocrx_word' id='word_1_215' title='bbox 914 3675 949 3719; x_wconf 83' lang='lat' dir='ltr'><strong>se</strong></span> <span class='ocrx_word' id='word_1_216' title='bbox 972 3654 1146 3731; x_wconf 88' lang='lat' dir='ltr'><strong>dederunt,</strong></span> <span class='ocrx_word' id='word_1_217' title='bbox 1169 3660 1203 3719; x_wconf 89' lang='lat' dir='ltr'><strong>et</strong></span> <span class='ocrx_word' id='word_1_218' title='bbox 1224 3660 1340 3740; x_wconf 87' lang='lat' dir='ltr'><strong>gentes</strong></span> <span class='ocrx_word' id='word_1_219' title='bbox 1370 3661 1492 3721; x_wconf 84' lang='lat' dir='ltr'><strong>nostrae</strong></span> 
     </span>
     <span class='ocr_line' id='line_1_28' title="bbox 442 3756 1493 3841; baseline 0 -18"><span class='ocrx_word' id='word_1_220' title='bbox 442 3758 632 3823; x_wconf 82' lang='lat' dir='ltr'><strong>oeciderunt</strong></span> <span class='ocrx_word' id='word_1_221' title='bbox 654 3778 766 3822; x_wconf 82' lang='lat' dir='ltr'><strong>omnes</strong></span> <span class='ocrx_word' id='word_1_222' title='bbox 790 3757 848 3841; x_wconf 90' lang='lat' dir='ltr'><strong>qui</strong></span> <span class='ocrx_word' id='word_1_223' title='bbox 871 3759 1108 3821; x_wconf 86' lang='lat' dir='ltr'><strong>remanserunt</strong></span> <span class='ocrx_word' id='word_1_224' title='bbox 1157 3756 1202 3822; x_wconf 90' lang='lat' dir='ltr'><strong>Et</strong></span> <span class='ocrx_word' id='word_1_225' title='bbox 1224 3758 1401 3841; x_wconf 82' lang='lat' dir='ltr'><strong>praedictus</strong></span> <span class='ocrx_word' id='word_1_226' title='bbox 1419 3756 1493 3823; x_wconf 78' lang='lat' dir='ltr'><strong>Sta-</strong></span> 
     </span>
     <span class='ocr_line' id='line_1_29' title="bbox 441 3857 1492 3946; baseline 0.003 -24"><span class='ocrx_word' id='word_1_227' title='bbox 441 3859 573 3945; x_wconf 86' lang='lat' dir='ltr'><strong>phanue</strong></span> <span class='ocrx_word' id='word_1_228' title='bbox 599 3863 674 3946; x_wconf 83' lang='lat' dir='ltr'><strong>post</strong></span> <span class='ocrx_word' id='word_1_229' title='bbox 696 3858 871 3923; x_wconf 79' lang='lat' dir='ltr'><strong>victoriam</strong></span> <span class='ocrx_word' id='word_1_230' title='bbox 894 3857 995 3923; x_wconf 87' lang='lat' dir='ltr'><strong>rediit</strong></span> <span class='ocrx_word' id='word_1_231' title='bbox 1018 3874 1058 3923; x_wconf 87' lang='lat' dir='ltr'><strong>ut</strong></span> <span class='ocrx_word' id='word_1_232' title='bbox 1081 3857 1209 3922; x_wconf 88' lang='lat' dir='ltr'><strong>videret</strong></span> <span class='ocrx_word' id='word_1_233' title='bbox 1233 3878 1332 3942; x_wconf 89' lang='lat' dir='ltr'><strong>quem</strong></span> <span class='ocrx_word' id='word_1_234' title='bbox 1367 3858 1492 3925; x_wconf 81' lang='lat' dir='ltr'><strong>oecide-</strong></span> 
     </span>
     <span class='ocr_line' id='line_1_30' title="bbox 442 3959 1493 4045; baseline 0.002 -20"><span class='ocrx_word' id='word_1_235' title='bbox 442 3966 504 4037; x_wconf 87' lang='lat' dir='ltr'><strong>rat,</strong></span> <span class='ocrx_word' id='word_1_236' title='bbox 538 3962 691 4045; x_wconf 84' lang='lat' dir='ltr'><strong>quisnam</strong></span> <span class='ocrx_word' id='word_1_237' title='bbox 726 3964 820 4036; x_wconf 83' lang='lat' dir='ltr'><strong>esset,</strong></span> <span class='ocrx_word' id='word_1_238' title='bbox 844 3965 879 4025; x_wconf 87' lang='lat' dir='ltr'><strong>et</strong></span> <span class='ocrx_word' id='word_1_239' title='bbox 901 3960 1058 4045; x_wconf 83' lang='lat' dir='ltr'><strong>eognovit</strong></span> <span class='ocrx_word' id='word_1_240' title='bbox 1081 3980 1156 4024; x_wconf 88' lang='lat' dir='ltr'><strong>eum</strong></span> <span class='ocrx_word' id='word_1_241' title='bbox 1179 3980 1239 4045; x_wconf 89' lang='lat' dir='ltr'><strong>per</strong></span> <span class='ocrx_word' id='word_1_242' title='bbox 1272 3959 1389 4026; x_wconf 84' lang='lat' dir='ltr'><strong>faeiem</strong></span> <span class='ocrx_word' id='word_1_243' title='bbox 1423 3982 1493 4027; x_wconf 80' lang='lat' dir='ltr'><strong>esse</strong></span> 
     </span>
     <span class='ocr_line' id='line_1_31' title="bbox 442 4062 1492 4151; baseline 0.001 -22"><span class='ocrx_word' id='word_1_244' title='bbox 442 4063 636 4139; x_wconf 83' lang='lat' dir='ltr'><strong>Lewlinum,</strong></span> <span class='ocrx_word' id='word_1_245' title='bbox 669 4063 859 4149; x_wconf 89' lang='lat' dir='ltr'><strong>amputavit</strong></span> <span class='ocrx_word' id='word_1_246' title='bbox 882 4067 983 4148; x_wconf 84' lang='lat' dir='ltr'><strong>caput</strong></span> <span class='ocrx_word' id='word_1_247' title='bbox 1006 4062 1078 4147; x_wconf 91' lang='lat' dir='ltr'><strong>ejus</strong></span> <span class='ocrx_word' id='word_1_248' title='bbox 1102 4066 1136 4128; x_wconf 88' lang='lat' dir='ltr'><strong>et</strong></span> <span class='ocrx_word' id='word_1_249' title='bbox 1159 4062 1275 4128; x_wconf 87' lang='lat' dir='ltr'><strong>attulit</strong></span> <span class='ocrx_word' id='word_1_250' title='bbox 1298 4064 1342 4127; x_wconf 87' lang='lat' dir='ltr'><strong>ad</strong></span> <span class='ocrx_word' id='word_1_251' title='bbox 1374 4084 1492 4151; x_wconf 79' lang='lat' dir='ltr'><strong>regem.</strong></span> 
     </span>
     <span class='ocr_line' id='line_1_32' title="bbox 442 4162 1494 4249; baseline 0.002 -19"><span class='ocrx_word' id='word_1_252' title='bbox 442 4164 516 4230; x_wconf 83' lang='lat' dir='ltr'><strong>Rex</strong></span> <span class='ocrx_word' id='word_1_253' title='bbox 540 4162 725 4229; x_wconf 86' lang='lat' dir='ltr'><strong>Edwardus</strong></span> <span class='ocrx_word' id='word_1_254' title='bbox 748 4164 842 4229; x_wconf 86' lang='lat' dir='ltr'><strong>misit</strong></span> <span class='ocrx_word' id='word_1_255' title='bbox 864 4169 966 4249; x_wconf 86' lang='lat' dir='ltr'><strong>eaput</strong></span> <span class='ocrx_word' id='word_1_256' title='bbox 990 4162 1179 4230; x_wconf 89' lang='lat' dir='ltr'><strong>Londonias</strong></span> <span class='ocrx_word' id='word_1_257' title='bbox 1202 4169 1396 4231; x_wconf 82' lang='lat' dir='ltr'><strong>coronatum</strong></span> <span class='ocrx_word' id='word_1_258' title='bbox 1419 4186 1494 4231; x_wconf 89' lang='lat' dir='ltr'><strong>eum</strong></span> 
     </span>
    </p>
   </div>
   <div class='ocr_carea' id='block_1_4' title="bbox 441 4266 1495 4354">
    <p class='ocr_par' dir='ltr' id='par_1_4' title="bbox 441 4266 1495 4354">
     <span class='ocr_line' id='line_1_33' title="bbox 441 4266 1495 4354; baseline -0.002 -19"><span class='ocrx_word' id='word_1_259' title='bbox 441 4288 562 4335; x_wconf 80' lang='lat' dir='ltr'><strong>eorona</strong></span> <span class='ocrx_word' id='word_1_260' title='bbox 593 4271 751 4353; x_wconf 83' lang='lat' dir='ltr'><strong>argentea</strong></span> <span class='ocrx_word' id='word_1_261' title='bbox 783 4266 818 4330; x_wconf 94' lang='lat' dir='ltr'><strong>in</strong></span> <span class='ocrx_word' id='word_1_262' title='bbox 852 4266 985 4352; x_wconf 86' lang='lat' dir='ltr'><strong>signum</strong></span> <span class='ocrx_word' id='word_1_263' title='bbox 1018 4266 1222 4353; x_wconf 84' lang='lat' dir='ltr'><strong>principatus</strong></span> <span class='ocrx_word' id='word_1_264' title='bbox 1256 4286 1315 4354; x_wconf 87' lang='lat' dir='ltr'><strong>per</strong></span> <span class='ocrx_word' id='word_1_265' title='bbox 1348 4267 1495 4333; x_wconf 84' lang='lat' dir='ltr'><strong>medium</strong></span> 
     </span>
    </p>
   </div>
   <div class='ocr_carea' id='block_1_5' title="bbox 442 4442 1494 4749">
    <p class='ocr_par' dir='ltr' id='par_1_5' title="bbox 476 4442 1403 4509">
     <span class='ocr_line' id='line_1_34' title="bbox 476 4442 1403 4509; baseline 0 -14"><span class='ocrx_word' id='word_1_266' title='bbox 476 4445 485 4478; x_wconf 85' lang='lat'><em>¹</em></span> <span class='ocrx_word' id='word_1_267' title='bbox 501 4445 557 4495; x_wconf 74' lang='lat' dir='ltr'><strong>&#39;l&#39;lre</strong></span> <span class='ocrx_word' id='word_1_268' title='bbox 574 4459 649 4495; x_wconf 84' lang='lat' dir='ltr'><strong>name</strong></span> <span class='ocrx_word' id='word_1_269' title='bbox 666 4443 688 4493; x_wconf 84' lang='lat' dir='ltr'><strong>ia</strong></span> <span class='ocrx_word' id='word_1_270' title='bbox 705 4444 780 4509; x_wconf 84' lang='lat' dir='ltr'><strong>given</strong></span> <span class='ocrx_word' id='word_1_271' title='bbox 791 4458 820 4493; x_wconf 78' lang='lat' dir='ltr'><strong>aa</strong></span> <span class='ocrx_word' id='word_1_272' title='bbox 837 4442 944 4507; x_wconf 67' lang='lat' dir='ltr'><strong>Thrasy</strong></span> <span class='ocrx_word' id='word_1_273' title='bbox 1030 4442 1040 4475; x_wconf 80' lang='lat'>⁵</span> <span class='ocrx_word' id='word_1_274' title='bbox 1056 4443 1119 4509; x_wconf 77' lang='lat' dir='ltr'><strong>aaa]</strong></span> <span class='ocrx_word' id='word_1_275' title='bbox 1141 4442 1207 4495; x_wconf 81' lang='lat' dir='ltr'><strong>from</strong></span> <span class='ocrx_word' id='word_1_276' title='bbox 1218 4446 1251 4495; x_wconf 85' lang='lat' dir='ltr'><strong>A.</strong></span> <span class='ocrx_word' id='word_1_277' title='bbox 1261 4464 1269 4507; x_wconf 68' lang='grc' dir='ltr'>ι</span> <span class='ocrx_word' id='word_1_278' title='bbox 1286 4459 1336 4497; x_wconf 85' lang='lat' dir='ltr'><strong>om.</strong></span> <span class='ocrx_word' id='word_1_279' title='bbox 1348 4446 1403 4497; x_wconf 77' lang='grc' dir='ltr'><strong>ΜΒ.</strong></span> 
     </span>
    </p>

    <p class='ocr_par' dir='ltr' id='par_1_6' title="bbox 442 4522 1494 4749">
     <span class='ocr_line' id='line_1_35' title="bbox 442 4522 1492 4591; baseline 0.005 -19"><span class='ocrx_word' id='word_1_280' title='bbox 442 4522 469 4573; x_wconf 92' lang='lat' dir='ltr'><strong>in</strong></span> <span class='ocrx_word' id='word_1_281' title='bbox 481 4522 625 4589; x_wconf 81' lang='lat' dir='ltr'><strong>Bishanger</strong></span> <span class='ocrx_word' id='word_1_282' title='bbox 638 4526 676 4587; x_wconf 91' lang='lat' dir='ltr'><strong>(p.</strong></span> <span class='ocrx_word' id='word_1_283' title='bbox 691 4524 760 4589; x_wconf 70' lang='lat'>102).</span> <span class='ocrx_word' id='word_1_284' title='bbox 1028 4524 1038 4553; x_wconf 81' lang='lat'>⁸</span> <span class='ocrx_word' id='word_1_285' title='bbox 1055 4522 1169 4588; x_wconf 82' lang='lat' dir='ltr'><strong>Perhaps</strong></span> <span class='ocrx_word' id='word_1_286' title='bbox 1181 4523 1224 4573; x_wconf 81' lang='lat' dir='ltr'><strong>tha</strong></span> <span class='ocrx_word' id='word_1_287' title='bbox 1239 4524 1320 4589; x_wconf 81' lang='lat' dir='ltr'><strong>Elwy,</strong></span> <span class='ocrx_word' id='word_1_288' title='bbox 1332 4524 1413 4577; x_wconf 81' lang='lat' dir='ltr'><strong>which</strong></span> <span class='ocrx_word' id='word_1_289' title='bbox 1425 4526 1492 4591; x_wconf 76' lang='lat' dir='ltr'><strong>jains</strong></span> 
     </span>
     <span class='ocr_line' id='line_1_36' title="bbox 474 4598 1339 4667; baseline 0.003 -16"><span class='ocrx_word' id='word_1_290' title='bbox 474 4600 485 4633; x_wconf 76' lang='lat'>²</span> <span class='ocrx_word' id='word_1_291' title='bbox 502 4602 659 4659; x_wconf 51' lang='lat' dir='ltr'><strong>exercitam,</strong></span> <span class='ocrx_word' id='word_1_292' title='bbox 671 4602 726 4651; x_wconf 71' lang='grc' dir='ltr'><strong>ΜΒ.</strong></span> <span class='ocrx_word' id='word_1_293' title='bbox 994 4598 1038 4651; x_wconf 85' lang='lat' dir='ltr'><strong>the</strong></span> <span class='ocrx_word' id='word_1_294' title='bbox 1052 4602 1142 4665; x_wconf 79' lang='lat' dir='ltr'><strong>Clwyd</strong></span> <span class='ocrx_word' id='word_1_295' title='bbox 1155 4609 1181 4651; x_wconf 86' lang='lat' dir='ltr'><strong>at</strong></span> <span class='ocrx_word' id='word_1_296' title='bbox 1193 4602 1229 4652; x_wconf 81' lang='lat' dir='ltr'><strong>st.</strong></span> <span class='ocrx_word' id='word_1_297' title='bbox 1241 4604 1339 4667; x_wconf 76' lang='lat' dir='ltr'><strong>Araph.</strong></span> 
     </span>
     <span class='ocr_line' id='line_1_37' title="bbox 478 4678 1494 4749; baseline 0.007 -19"><span class='ocrx_word' id='word_1_298' title='bbox 478 4680 489 4713; x_wconf 81' lang='lat'><strong>³</strong></span> <span class='ocrx_word' id='word_1_299' title='bbox 510 4680 666 4740; x_wconf 67' lang='lat' dir='ltr'><strong>(latronicia,</strong></span> <span class='ocrx_word' id='word_1_300' title='bbox 678 4680 727 4739; x_wconf 75' lang='lat' dir='ltr'><strong>A.;</strong></span> <span class='ocrx_word' id='word_1_301' title='bbox 742 4678 877 4738; x_wconf 74' lang='lat' dir='ltr'><strong>Garcoaia,</strong></span> <span class='ocrx_word' id='word_1_302' title='bbox 885 4678 945 4732; x_wconf 83' lang='lat' dir='ltr'><strong>MS.</strong></span> <span class='ocrx_word' id='word_1_303' title='bbox 1029 4680 1039 4717; x_wconf 74' lang='lat' dir='ltr'><strong>l</strong></span> <span class='ocrx_word' id='word_1_304' title='bbox 1057 4680 1124 4731; x_wconf 84' lang='lat' dir='ltr'><strong>Here</strong></span> <span class='ocrx_word' id='word_1_305' title='bbox 1136 4696 1170 4730; x_wconf 94' lang='lat' dir='ltr'><strong>on</strong></span> <span class='ocrx_word' id='word_1_306' title='bbox 1181 4682 1243 4733; x_wconf 85' lang='lat' dir='ltr'><strong>both</strong></span> <span class='ocrx_word' id='word_1_307' title='bbox 1254 4681 1368 4749; x_wconf 71' lang='lat' dir='ltr'><strong>margins</strong></span> <span class='ocrx_word' id='word_1_308' title='bbox 1387 4682 1409 4734; x_wconf 78' lang='lat' dir='ltr'><strong>ie</strong></span> <span class='ocrx_word' id='word_1_309' title='bbox 1420 4684 1494 4737; x_wconf 79' lang='lat' dir='ltr'><strong>Lew-</strong></span> 
     </span>
    </p>
   </div>
   <div class='ocr_carea' id='block_1_6' title="bbox 444 4757 1196 4899">
    <p class='ocr_par' dir='ltr' id='par_1_7' title="bbox 444 4757 1196 4899">
     <span class='ocr_line' id='line_1_38' title="bbox 476 4757 1196 4823; baseline 0.004 -15"><span class='ocrx_word' id='word_1_310' title='bbox 476 4758 685 4823; x_wconf 76' lang='lat' dir='ltr'><strong>⁴iatelli9erent,</strong></span> <span class='ocrx_word' id='word_1_311' title='bbox 721 4760 777 4821; x_wconf 80' lang='lat' dir='ltr'><strong>A.;</strong></span> <span class='ocrx_word' id='word_1_312' title='bbox 812 4758 943 4811; x_wconf 72' lang='lat' dir='ltr'><strong>intellexe-</strong></span> <span class='ocrx_word' id='word_1_313' title='bbox 995 4757 1066 4809; x_wconf 74' lang='lat' dir='ltr'><strong>linas</strong></span> <span class='ocrx_word' id='word_1_314' title='bbox 1079 4766 1196 4811; x_wconf 65' lang='lat' dir='ltr'><strong>malaue.</strong></span> 
     </span>
     <span class='ocr_line' id='line_1_39' title="bbox 444 4838 583 4899; baseline 0.022 -12"><span class='ocrx_word' id='word_1_315' title='bbox 444 4843 511 4899; x_wconf 76' lang='lat' dir='ltr'><strong>runt,</strong></span> <span class='ocrx_word' id='word_1_316' title='bbox 524 4838 583 4890; x_wconf 80' lang='lat' dir='ltr'><strong>MS.</strong></span> 
     </span>
    </p>
   </div>
   <div class='ocr_carea' id='block_1_7' title="bbox 0 0 1824 5784">
    <p class='ocr_par' dir='ltr' id='par_1_8' title="bbox 0 0 1824 5784">
     <span class='ocr_line' id='line_1_40' title="bbox 0 0 1824 5784; baseline 0 0"><span class='ocrx_word' id='word_1_317' title='bbox 0 0 1824 5784; x_wconf 95' lang='lat' dir='ltr'><strong> </strong></span> 
     </span>
    </p>
   </div>
  </div>
 </body>
</html>
