3625 5784
607 911 878 964 nrronsrnnners
901 912 1115 965 onnonmon.
1323 899 1388 965 441

342 1120 478 1187 troytonr
512 1121 592 1171 estez
626 1119 710 1173 trove
742 1134 796 1189 par
827 1137 905 1192 quoy
940 1137 1013 1177 vous
1051 1110 1172 1177 serrea¹
1206 1122 1329 1193 traynon
1366 1120 1397 1175 ot

341 1210 541 1278 quartereoez,
572 1212 603 1261 et
633 1224 746 1278 envoye
778 1224 833 1279 par
864 1227 915 1280 my
949 1211 976 1264 le
1009 1212 1128 1265 rsalme.
1186 1210 1225 1265 nt
1259 1227 1316 1282 pur
1346 1226 1398 1265 ceo

341 1313 399 1367 qne
421 1312 495 1350 vous
517 1294 625 1350 fnistez
656 1296 760 1368 utlage
784 1314 838 1368 par
858 1303 960 1354 nostre
984 1299 1126 1371 seignour
1149 1300 1176 1354 le
1200 1299 1265 1372 Roy
1288 1304 1319 1354 et
1342 1316 1397 1371 par

343 1402 498 1440 eommune
520 1389 633 1450 assent,
655 1389 686 1439 et
707 1390 787 1441 estez
802 1404 932 1443 revenue
956 1406 993 1444 eu
1017 1394 1120 1445 oourte
1144 1406 1213 1444 sanz
1239 1393 1398 1460 garraunt,

343 1490 416 1530 vous
439 1490 537 1529 serres
568 1474 706 1531 deoollea.
751 1474 791 1529 Et
821 1494 879 1548 pur
900 1495 953 1533 oeo
976 1496 1033 1549 que
1056 1495 1130 1534 vous
1162 1478 1332 1533 abbestutea
1366 1482 1397 1533 ot

344 1568 532 1635 procurastea
564 1563 699 1620 diseorde
734 1569 819 1619 entre
842 1574 943 1621 nostre
967 1568 1110 1639 seignour
1143 1567 1170 1622 le
1207 1567 1271 1640 Roy
1306 1573 1337 1623 st
1368 1566 1398 1621 la

345 1652 447 1724 Royne
482 1657 513 1707 et
545 1652 589 1707 lez
612 1653 705 1709 altrea
729 1652 778 1707 del
801 1654 923 1722 realme,
949 1656 975 1711 si
1005 1662 1101 1712 serret
1133 1655 1330 1722 enbonelleoz,
1366 1662 1397 1711 et

344 1742 413 1814 puis
429 1740 467 1796 ils
483 1749 600 1798 serront
615 1760 672 1798 ars.
718 1742 865 1816 Retrayee
880 1762 955 1800 vous
971 1750 1118 1818 traytour‚
1135 1750 1237 1819 tyrant
1260 1763 1398 1817 reneyee,

344 1830 372 1887 si
395 1830 457 1885 alez
481 1836 580 1887 vostre
603 1831 696 1905 Juyse
711 1832 846 1904 prendre.
891 1834 1038 1909 Traytour
1053 1836 1184 1908 malreys
1208 1841 1238 1889 et
1254 1840 1398 1908 attaynte.

389 1923 435 1989 Et
467 1925 514 1990 sio
536 1926 651 1990 statim
673 1930 780 1990 morte
802 1926 943 2013 plexus²
966 1932 1017 1994 est
1039 1929 1164 1995 scilieet
1186 1928 1255 2014 viij.
1285 1926 1398 1993 kelen-
1412 1936 1557 1988 Heisexe-

345 2028 464 2092 darum
494 2026 694 2115 Decembris.
740 2026 846 2113 Cujus
881 2035 983 2118 eaput
1007 2031 1042 2095 in
1076 2032 1182 2097 altum
1209 2032 1315 2096 finum
1349 2003 1549 2121 esiffliid

346 2150 446 2215 snper
468 2135 602 2215 pontem
626 2129 896 2196 londoniensem.
1412 2144 1542 2201 eetupon

178 2234 324 2295 musis,
394 2240 459 2311 Quo
482 2239 574 2295 etiam
594 2258 674 2295 anno
696 2240 728 2295 in
753 2241 865 2296 oetavis
889 2227 1064 2315 Epiphania
1088 2244 1200 2299 factum
1223 2234 1268 2299 est
1292 2243 1399 2315 par-lia·
1412 2202 1522 2335 ffliggn

179 2306 196 2355 ¹·
210 2308 235 2359 ⁷
245 2320 268 2354 ⁰·
279 2308 320 2354 ⁴³
351 2334 487 2386 mentum
523 2329 603 2402 apud
647 2330 826 2395 Londonias,
863 2330 916 2386 nbi
952 2331 988 2387 de
1027 2332 1175 2389 communi
1214 2332 1400 2388 ordinatione

180 2396 259 2520 313⁶·
270 2408 325 2445 '¹¹¹'
351 2420 437 2475 missi
481 2424 553 2474 sunt
602 2418 747 2475 solemnes
783 2420 887 2475 uunoii
934 2421 973 2476 ad
1021 2440 1124 2493 regem
1173 2422 1401 2486 inuareeratum,

230 2498 238 2513 ’
352 2509 468 2565 soilioet
508 2513 571 2563 tres
617 2508 758 2581 episcopi,
797 2509 856 2564 duo
900 2510 1035 2577 comites,
1075 2512 1133 2567 duo
1171 2512 1305 2576 barones,
1343 2510 1402 2566 duo

353 2598 485 2664 abbates,
509 2598 568 2653 dno
594 2596 768 2668 justiciarii,
792 2605 827 2653 ut
861 2599 928 2670 regi
951 2590 1093 2655 detento³
1115 2600 1286 2671 homagium
1311 2617 1401 2673 quon-

353 2689 421 2744 dam
443 2687 500 2743 sibi
522 2690 636 2744 tautum
657 2687 857 2759 resignarent,
879 2688 1034 2760 ipsumque
1057 2706 1111 2761 pro
1134 2688 1252 2745 domino
1275 2689 1403 2744 ulterius

353 2796 413 2833 non
434 2778 586 2835 haberent.
632 2777 657 2832 It
680 2777 787 2848 quibus
810 2777 947 2833 dominus
972 2777 1139 2834 Willelmus
1162 2778 1294 2833 Trussell
1316 2778 1402 2833 miles

353 2874 384 2924 et
418 2872 591 2940 procurator
623 2865 716 2922 totius
750 2867 942 2939 parliamenti
969 2866 1033 2923 viee
1067 2868 1198 2923 omnium
1230 2866 1306 2923 dixit
1336 2867 1404 2940 regi

352 2959 411 3015 ista
433 2946 558 3013 rerba:⁴

397 3048 461 3119 Ego
483 3046 652 3102 willelmus
674 3045 806 3101 Trusseil
828 3045 893 3102 vioe
916 3046 1047 3101 omnium
1071 3045 1107 3101 de
1130 3052 1211 3102 terra
1232 3045 1350 3119 Angliae
1374 3052 1405 3103 et

312 3131 316 3136 ’
354 3136 448 3192 totius
474 3134 664 3208 parliamenti
686 3138 860 3207 procurator
882 3134 939 3191 tibi
954 3134 1096 3191 Edwards
1118 3135 1210 3191 reddo
1231 3136 1405 3210 homagium

355 3227 438 3298 prius
471 3226 527 3281 tibi
558 3224 680 3289 festum,
713 3230 744 3279 ot
782 3229 894 3280 extuno
931 3224 1030 3280 diffido
1067 3231 1097 3280 to
1133 3231 1164 3280 et
1202 3225 1288 3297 privo
1313 3227 1406 3281 'omni

7 3301 8 3392 p
186 3316 329 3380 Twyscol.
356 3320 503 3388 potestate
533 3314 620 3385 regia
656 3320 687 3368 et
724 3313 884 3385 dignitate,
922 3331 1108 3386 nequaquam
1130 3314 1188 3369 tibi
1225 3315 1261 3369 de
1299 3320 1405 3372 caetero

7 3405 8 3426 i
185 3387 259 3433 ²⁵⁵⁰·
356 3412 497 3477 tanquam
519 3404 587 3475 regi
608 3404 768 3474 pariturus.

401 3494 490 3550 Istud
519 3493 609 3548 etiam
640 3492 699 3547 fuit
723 3491 841 3565 publice
865 3493 1078 3564 proclamatum
1113 3494 1194 3565 apud
1228 3493 1404 3550 Londonias

358 3583 468 3641 Eodem
491 3600 568 3638 anno
591 3580 623 3637 in
645 3580 751 3653 vigilia
773 3580 992 3639 Purifioationis
1008 3581 1103 3639 beatae
1118 3582 1222 3639 Marioe
1245 3583 1406 3639 Edwardus

358 3673 437 3729 tilius
459 3672 541 3745 regis
563 3672 659 3727 foetus
683 3676 729 3726 est
750 3670 844 3727 miles.
1454 3676 1460 3681 ’

402 3764 484 3820 Vera
505 3760 596 3817 series
618 3760 824 3833 procuratorii.
870 3760 925 3815 Jeo
956 3760 1089 3817 William
1111 3761 1254 3816 Trussell.
1269 3780 1408 3835 procura·

357 3859 427 3909 tour
450 3852 503 3907 dea
526 3851 666 3922 prelatez,
688 3854 791 3905 conten
814 3856 845 3905 ot
877 3850 995 3915 barone,
1018 3855 1048 3905 et
1071 3849 1164 3906 altres
1188 3856 1277 3921 genta
1301 3870 1337 3908 en
1359 3870 1408 3908 ma

358 3959 535 4015 proouraoye
567 3957 669 3996 nomes
692 3942 781 4012 ayant
804 3939 833 3995 al
855 3957 908 3996 oeo
930 3938 1037 4011 plnyne
1061 3944 1091 3994 et
1124 3940 1257 3996 suffieant
1287 3958 1407 4011 pouare,

357 4033 403 4088 lea
433 4031 575 4102 homages
606 4035 637 4085 et
667 4030 773 4084 sealtez
795 4047 834 4084 au
870 4045 944 4084 vous
971 4027 1097 4084 Edward
1128 4046 1181 4101 roy
1214 4029 1410 4100 Dengleterre

357 4139 440 4177 come
471 4120 501 4175 al
536 4138 589 4191 roy
611 4123 701 4175 avant
728 4136 775 4174 ees
799 4135 904 4173 oeures
927 4118 1018 4189 depar
1041 4118 1084 4171 lea
1108 4117 1185 4172 diter,
1208 4135 1348 4189 personas
1370 4137 1408 4175 eu

357 4228 406 4265 ma
427 4226 606 4282 proouraoye
629 4224 740 4270 nomes,
764 4207 840 4261 renk
863 4212 894 4261 et
916 4205 1046 4278 rebaylle
1069 4222 1119 4261 sus
1144 4224 1161 4261 u
1184 4224 1257 4261 vous
1281 4207 1408 4263 Edward

357 4305 388 4355 et
421 4298 533 4355 deliver
570 4302 602 4353 et
633 4297 696 4352 faoe
729 4295 829 4368 quitez
852 4297 898 4351 lea
935 4311 1074 4367 persones
1112 4295 1264 4351 avantditn
1302 4314 1339 4351 en
1379 4297 1409 4352 la

1231 4437 1236 4441 .
1249 4438 1372 4445 .----.-.-

391 4514 531 4566 ¹Heroon
543 4512 607 4562 both
616 4510 729 4577 margins
747 4509 860 4561 isJadi-
943 4508 1085 4559 ³Hereon
1105 4509 1202 4576 margin
1215 4511 1244 4562 of
1261 4512 1296 4561 A.
1317 4514 1378 4578 only
1389 4512 1411 4563 is

314 4609 322 4623 ·
360 4596 422 4645 dan
438 4592 517 4643 iotam
533 4607 611 4656 saper
623 4588 758 4656 Hisponem
779 4590 861 4655 Spen-
911 4586 1064 4653 Humerum
1076 4594 1112 4637 est
1123 4590 1286 4653 resignatum.

358 4689 409 4724 m,
944 4667 955 4699 ⁴
974 4666 1122 4733 Depositio.
1133 4668 1200 4733 repis
1224 4668 1336 4735 Anytioe,
1354 4672 1412 4725 odd.

390 4750 402 4783 ²
416 4749 519 4817 plexus,
531 4748 580 4808 Δ.;
592 4746 674 4812 fisus,
686 4747 742 4798 MS.
911 4745 989 4812 Higd.
