3625 5784
167 1071 247 1138 ffigd.
258 1069 304 1120 vii.

168 1141 295 1192 las-lto.

613 883 882 936 nuscssrsnssss
905 883 1118 937 cunenses.
1352 873 1396 942 37

385 1082 534 1140 Hamldus
556 1099 607 1138 rex
629 1071 868 1154 Norigenorum²
900 1082 991 1138 frater
1022 1083 1117 1138 sancti
1139 1083 1224 1141 Oluvi
1245 1102 1281 1141 ex
1313 1091 1396 1158 perte

341 1173 454 1240 matris,
477 1173 581 1244 fugato
603 1189 672 1244 rege
695 1172 846 1228 Denorum
870 1171 968 1228 Suano
990 1171 1112 1228 Daeiam
1138 1173 1195 1228 sibi
1217 1172 1393 1246 subjugavit.

342 1263 406 1320 Rex
427 1265 526 1318 autem
550 1262 666 1320 Suanus
688 1261 730 1318 sie
753 1261 888 1334 expulsus
910 1260 998 1333 petiit
1023 1261 1167 1317 auxilium
1201 1280 1218 1317 a
1239 1281 1310 1335 rege
1331 1265 1395 1322 An·

343 1353 469 1424 glomm.
515 1340 682 1408 Assentiit2
720 1367 815 1408 eomes
838 1351 1016 1424 (letwynus,
1056 1351 1108 1408 sed
1130 1352 1230 1408 ceteri
1263 1371 1396 1425 proeeres

343 1441 553 1509 dissuaserunt,
584 1440 663 1498 uncle
699 1457 769 1513 rege
803 1440 933 1496 Hurelclo
964 1439 1090 1496 obeunte
1125 1441 1242 1498 Suanus
1276 1443 1396 1500 Daciam

343 1531 534 1603 reeupenvit.
579 1530 641 1588 Nix
662 1547 770 1601 magna
792 1529 899 1586 assidit
920 1529 953 1584 in
975 1529 1105 1586 ooeiduis
1127 1531 1258 1604 partibus
1275 1531 1396 1603 Anglin

343 1621 388 1678 ite
423 1625 459 1674 ut
491 1620 574 1691 ligna
610 1619 750 1676 silvarum
788 1620 947 1690 frangent,
985 1624 1016 1674 et
1053 1618 1171 1676 duravit
1207 1637 1226 1675 a
1263 1620 1397 1678 kalendis

344 1709 479 1766 Jauuerii
501 1709 654 1782 usquead
675 1709 754 1766 diem
777 1708 872 1765 sancti
894 1707 1023 1764 Patrioii
1069 1709 1145 1766 Inde
1176 1710 1331 1767 subsecuta
1352 1717 1398 1768 est

344 1799 509 1856 mortalitss
545 1799 709 1866 hominum,
748 1799 812 1855 lues
858 1797 1032 1854 animalium
1067 1803 1099 1854 et
1135 1800 1237 1871 fulgus·
1286 1807 1397 1872 segetes

345 1889 487 1946 ustiluvit.
532 1888 678 1945 Henrieus
712 1905 764 1944 rex
795 1887 929 1944 ltauoiae
950 1886 1034 1942 venit
1066 1888 1099 1944 in
1121 1889 1333 1946 Normanniam
1366 1891 1398 1946 in

347 1979 489 2034 auxilium
512 1977 664 2044 willelmi,
697 1983 728 2034 et
758 1977 861 2033 habuit
882 1977 994 2033 bellum
1021 1994 1089 2034 eum
1119 1978 1288 2051 pmoeribus
1320 1980 1398 2037 Ner-

346 2068 475 2124 mannioe
506 2085 560 2140 pro
582 2085 617 2124 eo
640 2067 719 2140 quod
740 2067 855 2126 nollent
885 2067 992 2122 habere
1014 2065 1196 2124 willelmum
1219 2067 1252 2122 in
1274 2066 1396 2126 duoem:

348 2157 489 2229 quicum
512 2157 621 2214 deviati
643 2157 768 2215 fuissent
799 2157 858 2213 dux
879 2155 1047 2214 willelmus
1070 2157 1210 2229 quosdam
1239 2158 1397 2230 exlegauit,

349 2245 488 2320 quosdam
511 2247 670 2320 suspendit.

759 2794 870 2883 [css.
892 2795 993 2884 nup

218 3026 254 3093 gd
352 2984 499 3143 ⁴Cirea
530 2999 595 3056 haee
625 3001 758 3072 tempora
779 2997 981 3056 Herelewinus
1011 2997 1096 3056 miles
1130 2999 1250 3074 quidam
1272 3001 1305 3058 in
1327 3001 1404 3059 Nor·

459 3089 580 3146 mannia
601 3088 706 3146 relicte
727 3087 836 3144 militie
857 3089 1013 3161 temporali
1034 3088 1113 3162 apud
1127 3091 1254 3146 Beeeum
1276 3091 1309 3147 in
1329 3093 1407 3150 Nor.

352 3180 472 3236 mannia
494 3179 658 3235 construxit
686 3179 897 3234 monasterium
928 3179 1008 3251 qnod
1040 3179 1136 3235 adhue
1170 3173 1407 3255 Bekherlewyn⁶

353 3275 483 3336 vocatur,
529 3285 590 3325 non
632 3268 744 3323 veritus
793 3266 854 3340 ipss
892 3267 980 3324 abbas
1018 3273 1048 3325 et
1084 3275 1180 3326 rentes
1228 3269 1339 3344 lapides
1375 3277 1407 3328 et

355 3365 519 3416 sementum
542 3357 580 3414 ad
601 3357 742 3414 fabricem
764 3361 929 3430 apportare,
952 3376 1043 3430 panes
1066 3376 1199 3432 eoquens,
1223 3366 1275 3417 aut
1297 3367 1407 3418 eeteras

355 3447 517 3505 mundicias
550 3448 652 3504 fauere.
698 3445 754 3502 (lui
788 3446 925 3502 dominus
958 3447 990 3502 in
1023 3449 1166 3505 auxilium
1189 3455 1220 3505 et
1252 3451 1407 3508 eonsilium

355 3537 427 3595 duas
449 3535 555 3595 mundi
577 3537 711 3592 lueernas
734 3535 849 3592 eximin
872 3535 1033 3594 literature
1056 3539 1134 3594 viros
1157 3539 1355 3596 lanfrancum
1377 3545 1408 3596 et

356 3627 529 3686 Anselmum
551 3624 720 3693 destinavit,
737 3643 861 3698 quorum
884 3644 961 3681 unus
983 3631 1049 3698 pest
1071 3627 1163 3683 alium
1186 3629 1219 3683 in
1241 3629 1320 3686 dieto
1343 3630 1407 3686 loeo

355 3719 445 3792 prior,
468 3721 498 3773 et
520 3713 705 3790 postmodum
729 3714 948 3772 cantuariensis
965 3715 1199 3789 arehiepisoopus
1221 3723 1266 3774 est
1279 3719 1408 3776 effeetus.

357 3807 415 3864 Ino
437 3823 512 3880 papa
534 3811 564 3862 et
588 3805 703 3861 Suanus
724 3821 776 3860 rex
799 3805 950 3860 Dunorum
972 3811 1162 3877 perrexerunt
1193 3825 1260 3862 cum
1283 3809 1408 3882 impere-

357 3902 419 3954 tore
440 3895 570 3953 Henriuo
593 3899 695 3950 eontra
717 3893 927 3967 Baldewynum
950 3895 1158 3952 Flandrensem
1181 3897 1328 3954 comitem.
1371 3899 1411 3954 nt

356 4005 407 4043 rex
444 3985 563 4057 Anglioe
602 3983 762 4040 Edwardus
799 4001 879 4039 mare
917 3983 1087 4042 observabat
1123 4003 1190 4042 eum
1229 3987 1320 4043 classe
1357 4005 1410 4044 sua

358 4075 449 4132 donec
471 4075 630 4146 imperator
665 4071 839 4146 optinuisset
872 4073 1088 4146 beneplacitum
1114 4093 1208 4132 suum.
1254 4077 1315 4133 Iste
1338 4094 1411 4150 quo·

358 4183 414 4239 que
451 4182 526 4238 papa
549 4163 607 4220 Leo
641 4161 679 4220 ix.
714 4179 782 4218 eum
819 4163 1027 4221 eonscientiam
1063 4164 1183 4222 habemt
1220 4164 1409 4222 cauteriatam

360 4254 436 4328 quod
459 4253 626 4327 aliqualiter
652 4251 755 4308 fuisset
789 4251 931 4320 intrusus,
955 4253 1042 4310 cessit
1073 4253 1204 4327 papatui,
1232 4253 1283 4310 sed
1315 4254 1410 4312 denuo

361 4342 497 4400 senoniae
519 4347 564 4398 est
585 4343 701 4399 elautus.
747 4341 958 4400 Hibernienses
984 4342 1141 4401 Sabrinum
1170 4359 1251 4398 mare
1274 4342 1410 4413 ingsessi,

394 4585 402 4617 ¹
420 4583 642 4650 umatum,
653 4583 709 4634 ΜΕ.
945 4581 957 4614 ⁴
972 4581 1035 4633 'l'nis
1054 4579 1076 4630 is
1094 4581 1138 4632 the
1156 4581 1213 4632 first
1231 4581 1305 4633 letter
1323 4583 1355 4634 el
1369 4583 1413 4635 tte

266 4664 272 4672 “
394 4662 633 4726 ²Aassndit,MS.;
650 4659 862 4728 Auentiffligd.
913 4660 1019 4710 writer's
1029 4673 1156 4710 summe.

394 4741 499 4792 ²sr0m
512 4741 546 4792 A.
581 4739 863 4791 Insistheflsstfom
946 4736 1161 4802 ‘Bellerlewym
1204 4737 1271 4790 from
1316 4740 1413 4808 Εἰρὰς

363 4817 737 4885 wordsareinlargsrletters.
913 4816 1077 4881 Bectewyai,
1090 4816 1148 4872 ΜΒ.
