3625 5784
650 875 922 926 unvcrarsarsra
943 876 1154 929 cnuomcou
1359 867 1422 930 135

370 1079 506 1145 retinere,
528 1083 560 1134 et
590 1078 646 1133 hac
677 1064 716 1132 de
744 1095 832 1134 musa
868 1078 973 1135 frabus
1005 1079 1033 1136 ei
1070 1097 1172 1135 verum
1204 1085 1420 1136 sacramentnm

371 1169 473 1225 afferre
494 1167 667 1235 noluissent,
691 1166 807 1238 rogavit
836 1184 885 1224 eos
906 1173 943 1223 nt
965 1169 1069 1224 saltem
1092 1173 1307 1225 sacramentum
1330 1188 1416 1243 super

372 1256 435 1329 ejus
466 1259 544 1314 latus
574 1261 725 1330 ponerent.
770 1256 833 1326 Quo
865 1259 943 1314 lacto
980 1258 1057 1313 latos
1094 1257 1205 1313 infirmi
1238 1259 1354 1331 apernit
1389 1265 1420 1316 et

372 1347 467 1403 hostia
490 1347 604 1420 corpori
626 1365 657 1404 se
688 1339 834 1402 immisit.¹
881 1348 942 1404 Iste
975 1347 1046 1403 dum
1077 1348 1153 1404 vixit
1176 1349 1272 1404 multa
1296 1349 1418 1420 egregia

372 1438 510 1508 opuscula
531 1437 666 1504 dictavit,
697 1441 800 1508 utpote
837 1436 881 1492 De
916 1438 1113 1503 sacramentis,
1149 1437 1193 1493 De
1224 1438 1312 1494 archs
1342 1440 1416 1506 Noe,

372 1526 416 1581 De
447 1526 634 1583 institutione
666 1527 884 1592 monachornm,
909 1527 953 1582 De
983 1517 1073 1581 arra²
1103 1526 1220 1594 animai,
1244 1527 1288 1582 De
1320 1529 1418 1585 studio

372 1616 534 1687 sapientiae,
557 1615 608 1688 qui
631 1615 802 1671 intitulatur
824 1616 1037 1682 Didascalicon‚
1062 1621 1092 1672 et
1115 1615 1159 1672 De
1182 1618 1268 1672 laude
1291 1618 1392 1674 crucis.

415 1706 488 1761 Tam
511 1706 608 1762 valida
641 1711 704 1762 erat
734 1705 841 1776 glacies
874 1706 952 1778 quod
985 1706 1133 1762 Thamisia
1164 1707 1261 1779 potuit
1297 1707 1418 1763 transiri

371 1812 438 1850 cum
459 1813 541 1867 equo.
588 1796 653 1851 Hoc
674 1813 752 1850 anno
785 1795 927 1866 magister
954 1796 1111 1852 Gratianus
1134 1795 1170 1852 de
1192 1797 1297 1852 Tuscia
1318 1803 1415 1866 natus,

370 1886 529 1941 monachus
565 1885 660 1941 sancti
692 1885 810 1940 Proculi
847 1885 880 1940 in
914 1887 1046 1941 Bononia
1079 1886 1248 1958 compilavit
1290 1887 1423 1970 decreta!

371 1974 447 2030 sicut
462 1975 535 2030 dicit
556 1975 647 2045 Hngo
663 1976 689 2030 2.
705 1992 732 2046 q.
756 1993 778 2029 s.
802 1964 870 2030 for.8
915 1975 986 2047 Ejus
1001 1977 1091 2032 frater
1106 1994 1262 2046 germanus
1276 1979 1417 2049 magister

370 2064 473 2120 Petrus
508 2063 691 2119 Lumbardue
721 2064 873 2136 epiecopus
895 2064 1067 2120 Parisiensis
1099 2067 1269 2137 compilavit
1291 2072 1416 2138 quatuor

371 2153 459 2210 libros
492 2153 720 2220 Sententiarum,
752 2154 929 2210 Psalterium
963 2172 1077 2227 quoqne
1110 2159 1140 2209 et
1163 2154 1250 2211 Pauli
1280 2157 1417 2228 epistolas

370 2243 519 2315 glossavit.

304 2321 311 2333 ’
415 2333 586 2390 Fredericns
607 2334 722 2407 primus
743 2337 809 2405 post
832 2332 998 2388 Oonradnm
1014 2331 1171 2406 imperavit
1194 2335 1362 2392 Tentonlcis
1386 2341 1417 2392 et

274 2388 290 2508 '⁹
335 2492 342 2506 ο
370 2421 511 2479 Romanis
533 2423 641 2495 xxxvij.
660 2423 754 2479 annis.
801 2421 860 2477 Hic
881 2425 948 2495 post
971 2428 1094 2478 mortem
1110 2423 1234 2480 Adriani
1258 2444 1340 2497 papae
1365 2425 1415 2497 qui

369 2529 437 2567 enm
460 2519 656 2579 coronaverat,
672 2512 796 2586 pessume
817 2513 880 2582 egit
894 2530 962 2567 cum
984 2511 1150 2568 Alexandro
1165 2515 1197 2570 in
1212 2515 1416 2588 praejudicium

369 2599 433 2673 ejus
470 2609 595 2675 quatuor
617 2601 810 2660 schismaticis
831 2601 999 2675 apostolicis
1037 2603 1196 2658 successive
1230 2605 1412 2661 adhaerendo.

370 2691 481 2762 Regem
504 2711 616 2765 quoqne
631 2693 763 2748 hancine
786 2691 824 2746 ad
838 2709 925 2763 quem
948 2709 1023 2764 papa
1043 2693 1214 2762 confugerat
1237 2711 1303 2748 cum
1317 2694 1416 2749 valida

199 2778 287 2843 Twys·
300 2781 347 2831 col·
371 2799 461 2836 mann
482 2782 629 2838 Dacorum
650 2787 681 2838 et
703 2781 890 2837 Boemiorum
913 2781 1106 2853 oppugnavit,
1123 2781 1175 2837 sed
1197 2781 1322 2838 Ricardo
1345 2801 1414 2855 rege

198 2851 276 2898 2389.

371 2870 536 2942 Anglorum
559 2890 643 2944 opem
675 2873 786 2928 serente
817 2871 950 2942 repulsus
972 2873 1034 2937 est;
1060 2869 1138 2926 unde
1164 2875 1194 2926 et
1216 2871 1415 2928 Mediolanum

371 2959 455 3030 cujus
483 2965 557 3016 tnnc
578 2961 656 3016 muri
687 2964 771 3017 erant
802 2959 941 3015 altissimi
973 2958 1026 3014 sub
1063 2977 1141 3014 anno
1170 2959 1273 3030 gratie
1306 2977 1414 3018 uuum.

370 3050 504 3106 funditus
519 3050 670 3106 destruxit.
715 3049 905 3106 Hictandem
928 3053 994 3120 post
1017 3049 1125 3103 multas
1140 3048 1308 3105 vexationes
1330 3067 1414 3122 papas

371 3137 478 3207 illatas,
509 3140 617 3196 timens
649 3139 706 3195 sibi
728 3139 764 3196 de
793 3139 951 3196 rebellione
984 3137 1226 3205 Lumbardorum,
1250 3140 1366 3195 veniam
1397 3157 1416 3197 a

370 3246 446 3301 papa
482 3229 578 3302 petiit,
616 3235 646 3284 et
683 3229 803 3284 tandem
839 3227 877 3283 ad
923 3227 1096 3284 delictorum
1134 3227 1285 3284 emendam
1331 3247 1416 3288 cruce

371 3319 504 3389 signatus
525 3325 634 3375 terram
657 3323 788 3374 sanctam
812 3317 895 3384 adiit,
911 3316 964 3372 ubi
984 3315 1070 3389 juxto
1091 3317 1262 3374 Armeniam
1277 3319 1310 3375 in
1324 3337 1415 3392 parvo

370 3407 491 3465 flumine
522 3407 689 3466 submersus
711 3413 765 3475 est,
789 3413 819 3463 et
849 3405 929 3479 apud
960 3407 1070 3480 ‘iprum
1105 3409 1244 3480 sepultus,
1279 3409 1416 3482 filiusque

372 3497 435 3570 ejus
467 3499 592 3555 illustris
622 3498 740 3570 juvenis
771 3499 803 3552 in
826 3495 985 3552 obsidendo
1008 3489 1251 3553 Thclcmaidom⁴
1274 3516 1339 3570 quse
1369 3506 1415 3556 ost

372 3588 454 3643 Acon
486 3589 642 3645 defunctos
673 3593 729 3655 est,
761 3593 880 3658 totaque
913 3603 987 3656 pene
1020 3586 1159 3642 nobilitas
1182 3585 1415 3645 Christianorum

368 3677 450 3735 obiit.

414 3766 588 3823 Anmtasius
611 3772 679 3839 post
701 3765 868 3838 Eugenium
891 3765 968 3822 sedit
982 3782 1058 3837 papa
1080 3763 1163 3836 qnasi
1185 3765 1271 3822 annis
1294 3768 1415 3825 dnobus.

370 3855 433 3927 Quo
455 3857 574 3929 quidem
597 3875 674 3913 anno
697 3856 771 3912 obiit
807 3859 925 3912 sanctim
959 3855 1124 3911 Bernardus
1158 3856 1245 3912 abbas
1269 3855 1416 3916 Olarevol·

368 3947 465 4013 lensis,
490 3946 541 4019 qui
574 3947 605 4002 in
639 3945 812 4016 Burgundio
845 3951 939 4000 castro
977 3945 1118 4001 Fontanis
1153 3946 1302 4013 oriundus,
1336 3947 1413 4004 filius

367 4037 479 4094 suenni
507 4035 624 4102 militis,
651 4042 783 4092 materno
805 4035 935 4108 primum
973 4035 1056 4102 hoto,
1080 4035 1185 4091 deinde
1208 4035 1280 4092 cibis
1305 4037 1412 4108 grossi·

367 4127 466 4182 oribus
503 4125 649 4182 onum-itus
686 4127 790 4181 luerat.
835 4124 966 4180 'landem
1003 4123 1040 4179 ab
1074 4143 1151 4180 anno
1184 4124 1288 4195 gratia
1320 4141 1410 4182 acm.

367 4207 422 4272 et⁸
445 4215 657 4272 constitutione
680 4213 792 4270 ordinis
808 4212 945 4270 Oistercii
967 4213 1079 4270 decimo
1095 4213 1207 4285 quinto,
1233 4213 1328 4269 aetatis
1350 4231 1411 4270 suae

367 4324 436 4378 nu.
459 4321 526 4362 cum
549 4323 614 4362 m.
639 4304 725 4360 sociis
749 4303 922 4361 cistercium
955 4302 1132 4374 ingreditur.
1182 4301 1253 4357 Post
1275 4303 1413 4374 quintum

914 4571 945 4622 of
959 4570 1066 4635 Higdeu
1077 4570 1154 4620 thus:
1173 4570 1284 4622 comoda
1300 4574 1412 4638 matio,

912 4649 1090 4713 sextasorm.

397 4739 509 4790 ¹'I‘bese
536 4733 725 4788 abbreviatione
753 4746 796 4782 are
819 4745 863 4781 ex·
946 4726 1259 4796 *Ptolomaidssmffigtl-

245 4831 251 4840 '
366 4817 468 4886 plained
486 4815 514 4866 in
528 4813 618 4866 cneci
635 4812 679 4864 tbe
699 4808 863 4863 translations
945 4807 1010 4872 ⁶et]
1026 4806 1142 4873 a,Higd.
