3625 5784
387 837 454 904 234
737 849 884 902 niumm
907 849 1090 902 nmomou

384 1050 444 1138 iiij.
467 1053 605 1118 vecutus
627 1055 662 1118 et
693 1047 1343 1140 subpupuGlemente”11ij.c⁵eniens
1332 1072 1441 1139 speum

215 1153 356 1206 Freoomk
385 1153 607 1221 Memfredum
641 1154 714 1220 vite
743 1159 778 1221 et
811 1175 914 1242 regno
946 1155 1103 1241 privavit.
1149 1153 1216 1221 Hie
1250 1153 1442 1222 Fredericus

216 1223 323 1352 dieii-⁰
384 1257 427 1321 cb
457 1257 610 1344 Augusto
641 1256 748 1343 primo
771 1277 847 1323 xcv.
881 1255 948 1322 fuit
981 1257 1167 1342 imperator,
1191 1261 1226 1321 et
1256 1261 1332 1343 poet
1365 1279 1440 1322 eum

216 1355 340 1472 milido
384 1359 518 1426 vocarit
562 1359 738 1445 imperium
784 1379 888 1445 usque
932 1359 968 1423 in
1017 1379 1169 1446 praesene.
1217 1359 1294 1445 Ipse
1338 1359 1441 1425 etiem

215 1435 367 1552 lignem?
386 1461 568 1527 Ceroluse
599 1482 704 1576 regno
733 1459 855 1526 Siciliae
877 1481 938 1546 per
971 1482 1081 1547 regern
1103 1459 1295 1546 Aragonum
1327 1467 1441 1547 posteo

216 1578 321 1631 Chanes
386 1562 532 1649 dejectus
555 1569 614 1640 eet,
638 1561 731 1628 et1n
753 1561 867 1648 fugem
889 1582 1014 1627 versus.

214 1645 343 1764 {mee
429 1665 494 1730 In¹
517 1664 693 1731 infrudicto
714 1663 851 1730 concilio
885 1664 1098 1751 Lugdunensi
1121 1665 1256 1750 quidem
1288 1665 1440 1751 episcopi,

215 1778 304 1830 driven
384 1789 523 1885 quorum
555 1767 682 1853 primus
716 1767 832 1832 extitit
854 1765 1019 1832 liebertus
1051 1767 1252 1832 Grosteteste
1275 1767 1440 1833 Linoolni·

213 1845 302 1976 ξζῖγ
382 1871 468 1936 ensis
484 1871 664 1957 epiecopus,
692 1868 760 1933 suis
783 1869 968 1934 rationibus
990 1874 1025 1935 et
1047 1869 1301 1956 allegationibus
1315 1869 1439 1946 multis,

382 1972 492 2038 conati
525 1975 605 2037 eunt
639 1971 675 2034 in
706 1971 883 2056 praesentis
914 1969 1040 2036 domini
1062 1992 1157 2058 pspae
1194 1971 1381 2037 libertatem
1404 1977 1439 2037 et

382 2073 564 2140 dominium
588 2071 814 2140 (listerciensis
837 2073 962 2139 ordinis
992 2073 1056 2139 sibi
1078 2072 1272 2140 vindiccre²
1294 2079 1329 2139 et
1362 2073 1439 2139 sub-

377 2175 488 2261 jicere,
511 2177 568 2242 sed
591 2174 741 2242 exauditi
762 2197 830 2242 non
852 2181 933 2242 sunt
954 2175 999 2241 ed
1020 2177 1181 2242 effectum.

214 2287 282 2340 ΑΗΒ
297 2293 368 2341 12⁴⁵.
426 2277 526 2344 Anno
556 2277 681 2344 domini
705 2295 855 2344 uocxnv,
891 2277 1098 2344 Wellenees³
1131 2279 1294 2344 effraenati
1316 2279 1437 2344 iterum

213 2379 331 2432 Anorhm
382 2382 627 2447 surrexerunt'
618 2403 654 2447 ιιι
677 2404 787 2468 regem
810 2381 872 2447 sub
905 2387 1002 2468 cepto
1037 2403 1124 2448 novo
1146 2383 1294 2469 principe
1317 2381 1436 2447 David

214 2447 303 2564 moll
384 2483 546 2564 Quicum
570 2484 677 2550 multe
711 2483 845 2552 fecisset
868 2485 934 2549 et
925 2505 1002 2570 igne
1024 2491 1059 2550 et
1080 2485 1191 2571 gladio
1222 2484 1329 2550 multo
1350 2483 1437 2550 dele-

381 2586 493 2663 visset,
526 2587 674 2653 escendit
718 2585 801 2653 ιιι*
845 2585 969 2652 ibidem
1009 2609 1084 2652 cum
1121 2587 1269 2652 exercitu
1307 2587 1436 2674 copioso

382 2690 517 2755 credens
539 2691 576 2756 in
598 2689 692 2756 brevi
727 2693 832 2755 toturn
855 2688 1011 2754 Welliem
1034 2689 1098 2755 sibi
1122 2690 1308 2776 subjugere,
1332 2695 1368 2755 ct
1397 2690 1434 2754 in

381 2795 514 2856 tontum
530 2793 565 2856 in
588 2791 670 2856 irem
695 2797 804 2856 motus
820 2796 878 2869 est,
902 2790 991 2876 quod
1013 2792 1107 2878 signo
1135 2792 1284 2858 droconis
1307 2793 1437 2858 elevato

382 2915 458 2958 suos
488 2893 660 2980 procedere
687 2893 792 2979 jussit
822 2892 858 2957 in
881 2897 1022 2958 mortem
1053 2915 1174 2960 eorum.
1221 2893 1291 2981 Ipei
1324 2900 1434 2960 eutem

214 3003 288 3069 King
383 2995 420 3060 in
441 2999 532 3061 ercto
555 2995 655 3081 positi
677 2998 913 3082 pugnaverunt
934 2994 1079 3059 viriliter
1094 3017 1154 3081 pro
1177 2997 1294 3082 petria,
1311 3002 1346 3061 et
1367 3017 1435 3061 non

213 3068 366 3188 ῃΗᾸιῙζζζω
385 3102 518 3162 tentum
551 3117 572 3162 e
609 3097 777 3184 proposito
800 3117 911 3182 regem
948 3095 1103 3162 resilere⁸
1140 3097 1297 3175 fecerunt,
1335 3099 1436 3164 immo

211 3203 304 3252 reduce
384 3199 484 3263 etism
508 3203 685 3285 coegerunt
706 3219 782 3264 eum
811 3198 902 3263 abire
926 3201 977 3262 ret
978 3219 1113 3275 rursum,
1136 3219 1290 3284 magnam
1323 3204 1436 3264 temen

211 3266 288 3321 rhem
384 3301 578 3368 occisionem
611 3301 692 3368 fecit
714 3323 774 3366 rex
796 3301 915 3366 sedin
948 3299 1035 3367 bello
1068 3301 1223 3388 publico;
1245 3324 1314 3369 non
1346 3304 1435 3368 enim

381 3404 454 3470 cusi
486 3408 566 3470 sunt
598 3404 708 3490 pelam
740 3424 816 3470 cum
850 3424 889 3468 eo
923 3403 1086 3490 congredi,
1124 3403 1183 3469 sed
1212 3426 1272 3490 per
1304 3403 1435 3470 viarum

380 3504 571 3571 discrimina
600 3505 669 3570 suis
703 3525 831 3590 semper
865 3503 1056 3570 obviabunt.
1102 3504 1246 3571 Delusus
1279 3507 1384 3594 igitur
1414 3529 1435 3572 e

380 3607 547 3694 proposito
585 3628 622 3673 eo
669 3606 757 3692 quod
799 3611 958 3672 montane
996 3607 1172 3672 oscendere
1209 3629 1277 3674 non
1313 3611 1433 3696 potuit,

212 3703 355 3756 Heflxess
380 3709 495 3774 stetim
529 3709 566 3774 in
600 3708 742 3776 convelli
765 3707 808 3774 ed
843 3706 960 3795 pedem
992 3707 1034 3774 dc
1068 3707 1256 3775 Snowedon
1290 3717 1433 3777 cestrum

211 3784 285 3836 camp
295 3778 322 3822 nt

211 3836 363 3888 thefooror
380 3811 568 3878 construxit
597 3810 824 3889 fortissimum,
847 3831 974 3896 ponens
1005 3809 1042 3876 in
1064 3831 1103 3876 eo
1126 3811 1249 3878 milites
1282 3820 1433 3882 strenuos

212 3903 346 3954 snowuon.
379 3919 414 3979 st
451 3913 540 3980 viros
584 3914 685 3978 ermis
731 3913 859 3990 electos,
898 3912 956 3998 qui
1002 3933 1040 3978 eo
1086 3914 1258 3980 recedente
1299 3921 1434 4003 propter

379 4014 532 4102 hyemem
557 4014 728 4100 putriem⁰
766 4019 942 4080 tuerentur
980 4019 1016 4078 et
1037 4013 1259 4082 defenderent
1304 4017 1433 4098 Quibus

378 4118 521 4203 percutis
548 4117 678 4203 jussum
711 4121 762 4182 est
785 4137 827 4180 ex
850 4137 905 4181 ore
938 4115 1024 4202 regie
1047 4117 1228 4182 exercitum
1259 4119 1366 4186 redire
1389 4122 1433 4187 ad

964 4363 1060 4415 ³Here
1077 4380 1110 4415 on
1127 4367 1191 4417 toth
1202 4367 1346 4434 margionis
1363 4369 1434 4422 Wol-

930 4443 1012 4494 lcnm
1027 4441 1150 4496 rebellare
1168 4453 1300 4513 oeperunt.

963 4522 973 4554 ⁴
991 4521 1082 4572 itidem
1093 4540 1148 4583 rer,
1159 4525 1194 4576 A.

963 4601 974 4634 ⁸
992 4601 1104 4664 resilere,
1115 4604 1163 4663 Δ.;
1181 4603 1305 4668 miliare,
1316 4608 1374 4661 MS.

963 4679 973 4712 ⁸
990 4679 1059 4730 Here
1082 4680 1108 4732 in
1130 4681 1189 4734 MS.
1212 4683 1325 4737 tulmm
1356 4687 1378 4738 is
1396 4688 1434 4739 in·

930 4763 1023 4822 remed,
1034 4761 1080 4812 but
1091 4765 1210 4832 wrongly.

414 4395 421 4428 ¹
439 4395 472 4447 Iu
484 4395 505 4446 is
515 4394 542 4445 in
553 4393 654 4445 neither
665 4395 733 4455 Mn,
743 4393 789 4444 but
799 4407 879 4444 seems

379 4491 521 4540 necessary,
543 4474 593 4524 end
615 4489 674 4538 may
696 4473 794 4538 readily
815 4472 880 4524 hare

378 4553 476 4620 slipped
488 4560 532 4604 out
543 4569 571 4604 ss
583 4551 626 4603 the
637 4559 701 4603 next
712 4553 780 4602 word
791 4551 879 4618 begins

379 4631 438 4682 with
451 4632 494 4682 the
506 4646 574 4682 sume
585 4631 679 4682 letters.

413 4735 423 4768 ²
441 4735 584 4802 vendicare,
595 4734 670 4786 MSS.
