3625 5784
454 872 496 932 66
804 881 951 930 aramei
976 879 1156 930 ssiosron'

284 1075 496 1134 rmaonuut
533 1071 725 1156 capitaneus
762 1093 883 1148 eorum,
915 1071 1004 1135 unde
1042 1070 1107 1135 duo
1144 1069 1231 1134 bella
1268 1070 1421 1137 mortalia
1458 1071 1507 1134 in-

285 1147 412 1264 ffiffiffi
454 1178 616 1258 grueruut
638 1174 673 1238 in
696 1173 828 1259 Anglia‚
851 1195 955 1238 unum
987 1173 1077 1259 apud
1101 1173 1214 1238 Lewes
1248 1178 1282 1239 et
1305 1172 1396 1236 eliud
1419 1172 1508 1257 apud

287 1279 435 1329 soluier
456 1273 634 1361 Evysham,
671 1279 711 1338 ut
748 1273 836 1339 inira
880 1273 1011 1360 plenius
1060 1273 1195 1362 patebit.
1255 1273 1293 1337 Iu
1334 1295 1399 1358 quo
1437 1273 1507 1359 ipsc

285 1347 427 1462 {iffi}
457 1375 583 1462 Symon
606 1381 640 1442 et
662 1375 751 1441 filius
783 1377 853 1461 ejus
875 1398 944 1440 una
976 1397 1050 1440 cum
1084 1374 1198 1440 multis
1229 1373 1303 1438 aliis
1334 1395 1375 1440 ex
1414 1378 1507 1460 parte

285 1479 354 1528 hana
456 1478 616 1544 baronum
636 1476 830 1544 ceciderunt.
878 1479 943 1543 Et¹
958 1479 1007 1545 sio
1030 1499 1088 1542 rex
1113 1476 1276 1542 Henricus
1292 1475 1384 1540 dedit
1407 1477 1507 1540 comi-

286 1567 403 1684 ffl‘ffi
455 1585 564 1645 tatum
610 1580 807 1666 Ieycestriae
860 1601 935 1646 eum
992 1579 1115 1645 honore
1160 1578 1200 1642 de
1247 1577 1419 1664 Hyncleye
1473 1583 1505 1640 et

286 1701 363 1766 given
374 1707 402 1748 to
456 1681 660 1746 senescalatu
706 1679 836 1766 Anglioe
881 1681 1058 1745 Edmundo
1103 1677 1171 1743 lilio
1217 1699 1282 1744 suo.
1346 1678 1395 1742 De
1441 1701 1506 1764 quo

285 1766 428 1897 {22:25
456 1781 631 1845 Edmundo
655 1787 689 1845 et
711 1781 897 1846 haeredibus
928 1783 997 1846 suis
1028 1778 1167 1845 historia
1197 1779 1357 1865 prolixius
1379 1778 1508 1864 patebit

286 1913 342 1948 eon.
456 1884 492 1947 in
523 1883 690 1948 antedicta
721 1883 856 1948 abbatia
889 1883 1132 1970 leycestrensi3
1166 1880 1318 1946 similiter
1352 1879 1392 1944 de
1416 1880 1508 1945 Sciro

285 1991 360 2067 More
456 1985 496 2050 de
520 1983 641 2064 Quinci
662 1984 788 2051 scilieet
817 1985 934 2051 comite
957 1984 1190 2070 Wyntoniensi
1213 1989 1247 2048 et
1278 1983 1348 2068 ejus
1370 1982 1508 2048 haeredi·

285 2057 376 2174 {iffi
456 2086 518 2152 bus
539 2087 661 2151 ibidem
684 2086 831 2172 plenarie
854 2087 947 2171 copie
968 2084 1117 2151 habetur.

286 2188 427 2266 ⁰¹¹f⁰¹¹l⁰¹0⁶
501 2196 629 2252 Comites
661 2196 838 2252 Marciorum
860 2202 891 2252 et
913 2196 1168 2252 Northimbrorum
1202 2195 1349 2268 Edwynus
1371 2199 1401 2251 et
1424 2195 1503 2250 Mor·
1517 2177 1595 2269 Higd.
1608 2203 1650 2255 vii.

286 2254 382 2370 ᾆξ’
456 2303 544 2354 garus
567 2286 637 2358 quia
657 2303 708 2341 rex
731 2286 898 2342 Willelmus
931 2303 980 2340 eos
1002 2285 1152 2341 vinculare
1175 2285 1357 2357 disposuerat
1379 2284 1503 2340 latenter
1516 2273 1639 2320 ²⁶⁴⁴&-

286 2388 387 2451 Abbey.
456 2374 492 2430 de
526 2375 607 2430 curia
637 2376 787 2446 fugerunt,
819 2379 850 2430 et
885 2372 1055 2446 aliquandiu
1092 2374 1316 2439 rebellaverunt,
1351 2373 1402 2428 sed
1435 2373 1503 2444 quia

456 2481 559 2535 parurn
590 2464 784 2536 proiecerunt,
813 2463 960 2536 Edwynus
992 2480 1091 2534 regem
1123 2463 1230 2520 Scotire
1263 2463 1364 2519 adiens
1397 2481 1415 2517 a
1444 2461 1503 2516 suis

455 2553 549 2607 obiter
570 2553 721 2609 occiditur.
766 2552 920 2623 Morgarus
942 2570 1010 2608 vero
1032 2558 1063 2608 at
1079 2553 1253 2626 Egelwynus
1267 2552 1419 2625 episcopus
1442 2551 1504 2605 Du-

455 2643 573 2697 uelmiae
596 2641 722 2698 insulam
754 2642 833 2714 Hely
855 2643 990 2697 adierunt
1023 2641 1074 2696 ubi
1107 2659 1158 2697 rex
1180 2641 1217 2696 ab
1251 2641 1362 2697 oriente
1393 2641 1503 2696 exitum

454 2730 613 2801 praelusit,
630 2731 667 2786 ad
689 2731 869 2787 occidentem
894 2721 1063 2802 [ροιιῒιιιι]2
1085 2730 1209 2786 duorum
1232 2730 1403 2786 milliarium
1435 2747 1502 2784 eou-

453 2819 567 2875 struxit.
607 2820 681 2877 Inde
702 2821 849 2892 perterriti
873 2820 929 2892 ipsi
962 2819 1111 2875 interclusi
1141 2820 1205 2891 regi
1238 2839 1268 2875 se
1299 2819 1449 2883 dederunt,
1473 2821 1504 2872 ut

453 2927 503 2964 rex
526 2909 693 2981 episcopum
715 2909 753 2965 ad
775 2908 999 2965 Abendonieuse
1025 2910 1234 2965 monasterium
1256 2908 1419 2964 transmisit
1440 2923 1502 2960 cus·

453 2998 633 3068 todieudum,
656 2998 707 3054 ubi
730 3017 765 3055 ex
787 2997 885 3054 dolore
907 2997 1004 3054 cordia
1026 2999 1175 3055 comedere
1196 2999 1298 3054 nolens
1320 2997 1402 3054 obiit.
1448 2993 1503 3052 cni

452 3355 563 3426 Angiia
584 3343 768 3423 exula[tns].³
813 3354 916 3410 Simon
938 3355 1017 3410 filius
1040 3371 1109 3410 snus
1132 3361 1198 3427 post
1218 3360 1331 3427 patrem
1354 3361 1501 3412 mortuum

452 3446 577 3515 gratiam
606 3443 683 3514 regis
705 3442 828 3514 adeptus
849 3443 1021 3499 comitatum
1051 3443 1224 3517 Ireyoestrioe
1247 3451 1277 3500 et
1299 3446 1501 3501 senescalciam

452 3533 573 3604 Augilai
610 3534 803 3605 recuperauit,
842 3539 872 3589 et
910 3533 994 3588 duxit
1041 3533 1208 3590 Elianoram
1247 3551 1374 3590 sororem
1423 3535 1501 3606 ragis

453 3622 584 3690 Raurici,
616 3640 681 3693 qum
715 3621 797 3695 prius
829 3627 949 3678 voverat
982 3623 1157 3688 castitatem,
1190 3622 1225 3679 de
1258 3641 1315 3696 quo
1346 3641 1394 3678 sex
1426 3623 1501 3679 filios

452 3717 483 3766 et
512 3729 600 3766 uuam
635 3710 727 3766 filiam
760 3713 873 3782 genuit,
909 3711 1081 3777 Henricum,
1116 3711 1284 3778 Ricardum,
1319 3713 1499 3776 Amarioum,

453 3790 697 3870 E[dmundum],³
746 3801 906 3866 Simonem,
955 3800 1096 3856 Thomam
1138 3807 1168 3856 et
1207 3802 1372 3858 Eliauoram
1415 3820 1500 3873 quam

452 3889 638 3962 desponsavit
672 3890 820 3947 Isewlinus
854 3879 1041 3966 [ριίιιιιιιρι]θ
1063 3890 1188 3946 Wallim.
1234 3891 1295 3946 Iste
1318 3892 1419 3948 Simon
1454 3892 1500 3946 iu-

451 3979 577 4034 surrexit
601 3985 703 4034 eontra
736 3997 846 4050 regem,
869 3985 900 4034 at
922 3979 980 4034 fuit
1010 3978 1122 4034 occisus
1144 3980 1176 4034 in
1199 3978 1276 4035 bello
1309 3981 1386 4053 apud
1410 3983 1500 4053 Erys-

450 4069 520 4124 ham
549 4073 580 4123 et
602 4069 688 4124 datus
719 4073 765 4125 est
798 4069 955 4125 comitatus
988 4067 1161 4141 leycestriae
1197 4067 1315 4125 domino
1346 4069 1503 4126 Edmundo

449 4157 511 4213 lilio
532 4159 617 4229 ragis.

484 4473 578 4524 ¹Here
596 4491 644 4538 pso
662 4473 684 4524 is
704 4474 818 4538 urougly
837 4471 948 4522 inserted
1031 4468 1117 4521 8’,ῙἾιι
1158 4472 1272 4536 portione
1315 4475 1430 4540 supplied
1475 4477 1501 4528 iu

450 4550 477 4601 iu
490 4552 548 4602 MS.
998 4549 1116 4600 brackets
1136 4567 1179 4602 aro
1202 4551 1284 4603 where
1303 4554 1346 4604 the
1370 4557 1429 4608 MS.
1452 4557 1498 4609 has

482 4630 615 4693 'ponem
633 4629 700 4681 from
721 4628 800 4694 sigo.
841 4630 866 4680 12
882 4629 903 4680 ia
920 4629 947 4680 in
999 4628 1289 4696 beeniujaredbyfire.

448 4705 547 4757 neither
559 4707 614 4757 MS.
