3625 5784
436 855 500 923 226
784 871 933 924 nnumcr
956 869 1140 922 nnronron

435 1057 567 1124 ditunm
590 1061 796 1127 ecclesiarum
822 1068 1011 1128 constanter
1032 1062 1146 1149 exegit
1167 1059 1259 1126 nollo
1285 1059 1488 1127 reclamante

269 1197 315 1248 Hi·
328 1201 372 1249 qe.
436 1161 488 1227 vel
512 1163 629 1228 saltem
652 1164 820 1229 audente¹
844 1165 1075 1230 contradicere.
1115 1165 1160 1229 Et

269 1267 358 1315 munds
1095 1317 1102 1330 ,

267 1332 414 1399 fromnng-
526 1315 622 1398 Quod
644 1315 752 1381 voluit
775 1337 861 1403 popa
883 1338 952 1382 non
974 1339 1017 1382 ex
1039 1322 1168 1381 rotrone
1191 1315 1306 1392 fiebat,

266 1397 335 1448 ¹⁸⁰⁶·
525 1421 591 1486 Sed
614 1426 726 1486 tomen
748 1420 893 1485 invaluit
917 1420 1048 1506 rapiens
1071 1421 1290 1507 quodcunque
1313 1419 1462 1506 patebat.

612 1521 719 1588 Juxta
743 1521 828 1586 illud

525 1626 580 1691 Sic
604 1625 686 1702 volo,
710 1625 756 1691 sic
774 1625 889 1710 jubeo
912 1625 958 1690 sit
980 1646 1039 1711 pro
1062 1626 1190 1692 ratione
1212 1624 1375 1693 voluntas.

265 1853 334 1904 Μ),
350 1859 421 1904 12³0.
479 1829 577 1894 Anno
600 1828 750 1893 domini²
789 1845 947 1894 nccxxx.
980 1828 1211 1895 transfretavit
1248 1830 1336 1895 idem
1360 1852 1420 1896 rex
1451 1831 1488 1894 in

264 1943 394 2012 Theting
436 1929 665 1994 Britanniam³
681 1932 717 1994 in
740 1931 903 1996 auxilium
927 1932 1056 1996 comitis
1080 1933 1273 2011 Britanniae,
1289 1935 1345 2018 qui
1369 1955 1390 1998 a
1411 1955 1487 2018 rege

264 2025 362 2127 ξζξέεθε
437 2031 583 2097 Franciae
622 2031 781 2117 quasdam
820 2033 959 2118 injurias
994 2055 1167 2119 perpessus
1200 2041 1259 2111 est,
1294 2035 1484 2120 recepitque

266 2143 397 2208 Britanny.
434 2155 494 2199 rex
516 2134 706 2220 homagium
729 2141 960 2222 magnatorum
991 2137 1095 2200 totius
1122 2137 1217 2222 quasi
1240 2137 1428 2223 provinciae,
1452 2143 1486 2201 et

433 2235 597 2300 modicum
637 2236 769 2320 quidem
808 2237 856 2300 ibi
889 2243 1035 2302 moratus
1074 2245 1132 2316 est,
1171 2260 1249 2303 nam
1288 2239 1488 2324 aegn'tudine

433 2357 604 2422 percussus
639 2359 789 2402 reversus
828 2345 878 2403 est
917 2340 953 2402 iu
992 2340 1148 2424 Angliam
1181 2361 1256 2405 cum
1289 2340 1394 2406 fratre
1428 2363 1488 2405 suo

264 2439 588 2506 Twonoble-Ricardo„
632 2440 781 2525 Reliquit
804 2447 916 2505 tamen
940 2443 975 2504 iu
998 2442 1200 2524 adjutorium
1216 2444 1344 2508 comitis
1361 2443 1486 2509 Willel-

264 2511 382 2640 geqppu
434 2565 524 2607 mum
549 2543 778 2608 Marescallum
802 2550 836 2608 et
858 2545 1013 2609 comitem
1038 2545 1183 2610 Cestriae.

264 2643 326 2719 ¹1³¹}ss
338 2643 363 2692 in
480 2645 577 2709 Anno
610 2647 734 2710 domini
759 2646 974 2711 Msrcxuum.⁴
1006 2647 1065 2731 iiij.
1098 2670 1174 2712 non.
1210 2649 1335 2734 Aprilis
1369 2649 1486 2715 beatus

263 2709 412 2853 ΞἚἫΒ
435 2746 630 2811 Edmundus
653 2754 860 2812 consecratus
884 2755 935 2812 est
956 2749 993 2811 in
1008 2748 1288 2835 archiepiscopum
1312 2750 1488 2817 Cantnari-

263 2835 422 2943 Gruesetesto
435 2871 554 2926 ensem,
590 2853 623 2914 et
654 2850 690 2912 in
720 2871 807 2913 anno
837 2851 990 2934 sequenti
1020 2851 1127 2916 sactus
1157 2860 1209 2916 est
1238 2852 1488 2937 Lyncolniensis

263 2959 397 3034 bisuopos
435 2951 606 3037 episcopus
629 2953 787 3038 magister
810 2953 975 3017 Robertus
998 2952 1209 3019 Grosseteste.

263 3023 378 3074 ¹¹¹⁰⁰⁰¹¹¹'
479 3057 579 3118 Anno
624 3054 749 3118 domini
788 3071 1002 3120 ntccxxxllll.
1044 3056 1092 3141 [et
1130 3079 1217 3122 anno
1263 3059 1357 3145 regni
1402 3060 1488 3146 regis

261 3115 419 3256 ffignm
436 3155 573 3221 Henrici
598 3155 711 3240 xix⁰]⁵
744 3157 977 3222 transfretavit
999 3158 1087 3223 idem
1119 3181 1180 3224 rex
1210 3159 1246 3223 in
1269 3159 1489 3226 Hiberniom⁶

263 3223 389 3337 goeetog
434 3277 508 3323 oum
547 3279 648 3322 manu
692 3264 829 3335 annoto,
870 3280 907 3324 eo
949 3261 1038 3345 quod
1095 3260 1257 3326 Ricardus
1311 3261 1487 3328 Marescal-

264 3340 374 3390 ¹¹⁰¹³¹¹d·
432 3357 493 3436 lus,
535 3359 626 3445 prius
665 3359 788 3425 ibidem
827 3361 1100 3428 transfretaverat
1142 3364 1257 3429 volens
1295 3386 1354 3449 pro
1392 3387 1485 3450 posse

431 3465 554 3524 terram
590 3460 682 3526 illam
716 3484 776 3526 suo
810 3464 985 3550 subjugare
1021 3465 1168 3550 imperio
1201 3465 1258 3530 sed
1289 3467 1326 3529 in
1352 3468 1485 3534 secretis

431 3569 559 3628 naturae
598 3564 696 3650 plaga
740 3587 912 3651 percussus
958 3568 994 3630 in
1032 3567 1181 3632 Paschali
1219 3576 1367 3655 tempore
1405 3570 1485 3635 ulti·

432 3687 523 3729 mum
540 3665 665 3731 efflavit
691 3667 853 3753 spiritum,
885 3670 974 3734 unde
999 3671 1172 3756 pacificato
1188 3677 1276 3736 terra
1300 3674 1401 3738 rediit
1424 3695 1484 3740 rex

264 3774 416 3826 statuerent
432 3769 545 3833 eodem
576 3790 663 3834 anno
694 3775 728 3834 et
758 3771 795 3834 iu
825 3793 914 3837 anno
944 3774 1098 3857 sequenti
1122 3774 1163 3837 de
1186 3775 1323 3839 consilio
1346 3797 1483 3861 magna-

263 3842 373 3892 Menon.
432 3876 541 3935 torum
571 3893 705 3936 suornm
736 3878 864 3938 statuta
895 3875 936 3939 de
968 3875 1100 3940 Merton
1123 3876 1299 3954 ordinavit,
1322 3877 1358 3942 in
1380 3899 1482 3964 regno

430 3971 561 4059 Angliae
584 3974 751 4061 perpetuis
775 3977 978 4063 temporibus
1001 3976 1213 4044 observanda

465 4251 473 4284 ¹
492 4253 560 4302 Both
572 4251 644 4302 MSS.
662 4252 727 4302 hove
745 4251 872 4312 audiente,
885 4255 932 4302 bnt
1013 4254 1024 4286 ⁴
1040 4267 1214 4306 uccxxnvrn.
1237 4257 1263 4307 in
1284 4259 1340 4310 MS.
1362 4263 1413 4311 uod
1431 4261 1482 4313 οη·-

430 4328 457 4381 in
471 4331 503 4380 Α.
516 4331 559 4381 the
573 4332 582 4381 i
594 4331 615 4380 ie
628 4333 733 4382 marked
745 4333 786 4382 for
798 4331 915 4382 deletion.
980 4332 1078 4399 ginally
1088 4333 1109 4383 it
1121 4336 1193 4385 stood
1204 4351 1234 4387 so
1245 4336 1272 4386 in
1284 4339 1319 4388 A.

463 4407 558 4460 2Ηετο
586 4409 642 4460 MS.
677 4410 722 4460 hos
751 4427 849 4475 qnoque
878 4412 929 4460 and
1013 4410 1119 4464 ‘From
1131 4415 1164 4465 A.

429 4487 505 4538 omits
529 4488 573 4538 the
602 4503 623 4536 u
648 4488 674 4536 in
698 4489 740 4538 tho
763 4490 822 4538 date
845 4488 927 4539 which
1011 4491 1108 4544 ‘Hera
1142 4511 1177 4545 on
1210 4497 1272 4546 both
1310 4499 1423 4566 margins
1455 4499 1479 4551 is

428 4567 533 4617 follows.
983 4573 1445 4639 Troarsretovr'treaeinHibernr'am.

459 4647 558 4700 ”Herc
589 4665 624 4702 on
661 4650 722 4700 both
759 4649 871 4718 margins
905 4649 927 4701 is

432 4728 624 4795 Tranrsreluoit
638 4747 683 4781 rex
696 4731 723 4781 in
737 4730 913 4783 Brittaniam.
