3625 5784
596 915 867 965 Leucusssuusls
890 914 1101 965 cusomcou.
1338 903 1381 965 lu

325 1109 392 1176 filio
417 1109 592 1175 Birkelani
614 1109 700 1196 regis
716 1108 828 1175 Daciae
850 1110 939 1194 apud
956 1108 1243 1195 Idnoolniam,‹1ui
1265 1115 1380 1197 postea

325 1213 479 1299 regnavit
493 1217 563 1277 tam
585 1212 622 1276 in
637 1212 760 1298 Anglia
775 1233 874 1296 quam
898 1212 935 1275 in
951 1211 1192 1291 Daoiasimu13
1214 1212 1251 1276 in
1275 1211 1381 1278 Deoia

322 1315 397 1400 jure
419 1313 630 1379 haereditario
653 1318 687 1377 et
701 1313 825 1398 Anglia
843 1312 920 1397 jure
943 1311 1149 1379 haereditatis
1169 1313 1283 1377 uxoris
1303 1335 1379 1379 suus„
1393 1327 1551 1384 Budaeus

328 1415 409 1480 Inde
441 1415 530 1479 Dani
561 1418 773 1500 sumpserunt
806 1413 944 1478 nimiam
980 1414 1151 1480 audatiam
1185 1415 1223 1478 in
1256 1413 1381 1500 Anglia
1392 1397 1505 1526 mh
1514 1479 1548 1516 m

328 1523 362 1581 et
391 1516 689 1603 suppeditaverunt
717 1515 842 1600 Anglos
873 1515 972 1600 longo
1003 1520 1158 1601 tempore,
1185 1515 1272 1580 siout
1303 1537 1381 1582 oon·
1394 1528 1502 1604 English

327 1620 453 1684 tinetur
474 1620 511 1681 in
532 1616 673 1683 historia
696 1617 736 1682 de
758 1615 972 1702 Grimmisby‚
1005 1617 1084 1702 quia
1107 1617 1244 1702 quidam
1271 1617 1378 1702 Grym
1393 1609 1516 1658 pum..

327 1720 457 1785 nomine
481 1719 624 1783 nutrivit
652 1717 844 1804 praediotum
878 1717 1025 1784 Havelee
1056 1719 1145 1803 apud
1173 1717 1377 1804 Grimmisby
1471 1739 1475 1744 ’

328 1843 430 1908 usque
459 1821 502 1885 ad
533 1825 663 1905 tempus
694 1841 759 1904 quo
789 1818 848 1884 illo
877 1819 1024 1884 Haveleo
1054 1819 1268 1906 desponsavit
1297 1841 1380 1907 prae·

329 1924 451 1997 dictam
475 1920 727 2006 Goldusbourgh
749 1920 838 2007 apud
863 1920 1076 1986 Linoolniam.
1123 1921 1168 1986 Et
1191 1923 1271 2007 quia
1296 1943 1381 2008 prze-

330 2025 438 2092 dietus
461 2024 566 2110 Grym
590 2025 722 2109 quando
745 2024 851 2108 primo
878 2023 1023 2088 adduxit
1049 2044 1189 2109 puerum
1214 2024 1255 2089 de
1278 2023 1383 2090 Dacia

330 2127 435 2213 primo
457 2125 620 2212 applicuit
642 2125 700 2189 illo
722 2125 801 2202 loco,
824 2125 960 2190 sortitus
984 2131 1035 2190 est
1059 2146 1179 2191 nomen
1206 2148 1227 2190 a
1250 2127 1383 2192 nomine

330 2229 400 2314 ejus
432 2227 644 2312 Grimmisby.
701 2227 769 2290 Iste
797 2225 945 2291 Haveleo
976 2228 1131 2313 regnavit
1161 2228 1258 2314 xxxj.
1285 2228 1544 2312 annisTbalegan·

331 2337 366 2396 et
386 2331 475 2395 rexit
497 2329 656 2415 populum
679 2349 777 2392 suum
800 2349 874 2392 eum
898 2329 1027 2414 ingenti
1052 2327 1183 2406 honore,
1208 2335 1242 2394 et
1266 2303 1521 2435 genuitffiffi*

331 2455 386 2498 xv.
409 2432 495 2496 filios
517 2436 552 2496 et
575 2430 660 2494 filias
672 2454 681 2509 ;
711 2435 745 2495 et
771 2429 999 2495 moriebantur
1023 2452 1136 2496 omnes
1159 2436 1279 2517 praeter
1303 2435 1529 2518 qua-Havelock

331 2548 408 2600 tuor
440 2533 477 2597 in
505 2533 687 2618 juventute
722 2552 789 2596 sua.
851 2531 896 2595 Et
928 2530 1037 2597 senior
1070 2530 1210 2597 istorum
1242 2539 1385 2619 quatuor
1396 2503 1441 2554 ²¹¹⁰
1452 2503 1537 2552 Μ’

332 2641 470 2702 voeatur
494 2634 704 2700 Gormundus
736 2655 833 2717 quem
863 2633 1036 2720 proposuit
1065 2633 1252 2719 praefecisse
1281 2634 1385 2702 haere-

334 2739 408 2803 dem
441 2759 537 2802 suum
568 2735 709 2822 Angliee,
735 2741 769 2800 et
800 2735 964 2802 secundus
994 2743 1132 2802 vocatur
1162 2736 1313 2802 Canutus
1343 2739 1385 2802 de

333 2863 398 2928 quo
420 2841 567 2927 loquitur
589 2839 625 2903 in
647 2839 802 2925 praesenti
825 2859 923 2923 quem
945 2838 1027 2904 feeit
1048 2860 1159 2924 regem
1180 2838 1293 2904 Daciae
1310 2861 1385 2904 oum

333 2951 418 3010 esset
440 2943 533 3029 xviij.
556 2963 725 3019 annorum,
749 2941 791 3006 de
813 2962 915 3028 regno
935 2940 1067 3026 Angliae
1089 2941 1230 3027 ipsemet
1252 2945 1385 3006 eonten-

334 3053 388 3110 tus
420 3044 535 3110 volens
567 3064 735 3108 reservare
767 3063 904 3128 regnum
939 3041 1073 3127 Angliae
1108 3041 1178 3107 filio
1210 3063 1270 3107 suo
1304 3042 1386 3109 Gor-

334 3147 465 3213 mundo.
512 3145 576 3212 Sed
608 3145 671 3211 iste
703 3145 917 3211 Gormundus
946 3166 1081 3210 ascenso
1111 3166 1195 3231 equo
1224 3145 1387 3213 indomito
1400 3167 1499 3233 moy
1512 3166 1542 3216 οι

333 3248 447 3314 volens
469 3245 675 3333 magistralia
696 3252 881 3333 atemptare
897 3246 998 3332 fregit
1013 3245 1134 3312 oollum
1156 3269 1263 3313 suum.
1309 3247 1387 3314 Ter·
1400 3235 1544 3290 neveloek.

334 3350 405 3416 eius
441 3349 531 3413 filius
576 3352 714 3414 voeatus
752 3353 803 3412 est
838 3347 1011 3412 Godardus
1049 3346 1132 3433 qui1
1169 3347 1320 3415 feoffavit
1352 3351 1388 3415 in

335 3450 518 3518 senescaris
552 3449 665 3514 Daoiae
704 3453 738 3514 et
776 3449 813 3513 in
850 3447 1105 3515 mercimoniatu
1142 3449 1281 3537 Angliae,
1313 3472 1389 3536 quae

336 3577 404 3622 non
438 3577 472 3620 se
503 3553 729 3620 extendebant
760 3553 804 3619 ad
834 3558 967 3619 tantum
994 3552 1141 3620 valorem
1168 3576 1267 3640 quam
1291 3577 1388 3621 nuno.

338 3658 484 3739 Quartus
507 3661 642 3722 vocatus
665 3663 716 3720 est
735 3653 918 3720 Thoraldus
939 3656 997 3740 qui
1015 3656 1113 3721 duxit
1132 3677 1269 3723 uxorem
1289 3657 1390 3723 eomi-

223 3791 237 3824 s
306 3759 453 3825 ‚tissam
486 3757 527 3823 de
557 3756 715 3822 Hertowe
745 3757 781 3820 in
806 3755 1026 3842 Northwegia
1055 3758 1150 3843 eujus
1181 3757 1324 3825 affinitas
1354 3759 1390 3823 in

339 3860 517 3948 Norwegn'a
539 3863 728 3946 perseverat
754 3879 858 3943 usque
885 3859 929 3922 ad
953 3880 1095 3943 presens,
1118 3866 1153 3926 et
1179 3862 1285 3947 major
1308 3862 1392 3926 ami·

338 3963 418 4029 citia
449 3963 537 4028 inter
570 3981 680 4048 regem
713 3958 901 4045 Norwegiae
936 3965 970 4025 et
1003 3983 1113 4048 regem
1138 3961 1250 4028 Daeiae
1284 3963 1392 4028 adhuc

339 4065 559 4141 eontinuatur,
583 4067 618 4127 et
641 4061 791 4148 qualibet
812 4061 893 4139 vioe,
917 4063 1048 4148 quando
1071 4064 1159 4128 Dani
1182 4065 1394 4130 intraverunt
1405 4075 1459 4125 The
1470 4073 1537 4124 Nor·

340 4164 506 4252 posthaec
528 4163 565 4228 in
589 4163 745 4249 Angliam
767 4183 827 4249 pro
850 4163 975 4229 olumeo
997 4164 1163 4230 mittendo
1185 4167 1222 4230 in
1244 4187 1392 4252 regnum,
1405 4154 1521 4270 {ffi}

341 4265 503 4354 Norigani
533 4265 679 4331 cumeis
703 4264 871 4329 affuerunt
894 4285 992 4330 suum
1017 4266 1195 4351 praebendo
1221 4267 1392 4344 auxilium,
1405 4271 1501 4323 Dana.

342 4369 446 4434 donee
468 4366 598 4452 Gwydo
628 4366 668 4431 de
699 4363 861 4451 Warwyk
891 4365 992 4431 finem
1023 4366 1104 4431 feeit
1133 4366 1168 4431 in
1198 4366 1260 4432 hae
1289 4374 1394 4455 purte.

347 4467 451 4555 Cujus
461 4467 634 4554 Guydonis
649 4465 798 4532 mentio²
813 4467 853 4532 fit
871 4468 908 4532 in
927 4465 1068 4532 historia
1087 4469 1174 4553 regis
1195 4466 1396 4546 Athelstani‚
1409 4489 1554 4557 tegendos

345 4571 388 4637 de
410 4591 475 4658 quo
501 4591 570 4635 non
593 4569 633 4635 fit
657 4569 780 4637 mentio
812 4570 848 4634 in
878 4569 1035 4656 praesenti
1067 4568 1180 4636 libello
1204 4591 1278 4638 eum
1308 4571 1396 4638 idem
1410 4555 1549 4677 (mah

348 4735 459 4748 aaa*

383 4822 666 4890 magensem.
866 4823 871 4888 ι
935 4824 1298 4885 ’Μο,Με,ωιΔ,ι,.·.,

1199 4935 1221 4981 s
1244 4923 1263 4983 2
