3625 5784
639 851 910 901 nsrcssrusasrs
934 849 1141 900 ansericus.
1370 838 1412 902 69

360 1052 471 1106 matum
494 1065 582 1122 super
601 1052 695 1105 totam
726 1047 890 1104 Britanniae
921 1047 1047 1104 insulsm
1080 1054 1110 1106 st
1144 1049 1307 1118 Hibernis,
1327 1049 1413 1123 juxta

360 1155 472 1211 quoque
494 1139 657 1196 Eboracum
688 1138 813 1195 eoncilia
844 1138 1013 1204 celebrasse,
1037 1138 1186 1211 episcopos
1218 1139 1412 1198 Eboracenses

359 1227 521 1285 advocasse.
567 1229 607 1283 Et
637 1229 675 1282 ad
706 1228 770 1283 hoec
803 1228 926 1283 reciteta
959 1233 1030 1282 sunt
1062 1227 1218 1300 privilegia
1246 1247 1332 1302 super
1353 1231 1412 1287 hiis

360 1317 481 1374 indulta
528 1318 675 1373 Adversus
690 1317 747 1372 ista
767 1318 903 1388 opposuit
925 1317 1050 1372 Thomas
1073 1317 1227 1389 epistolum
1250 1318 1332 1376 illam
1355 1338 1412 1392 qua

361 1406 517 1478 Gregorius
539 1407 748 1463 Eboracensem
771 1411 802 1461 et
825 1405 1056 1461 lundoniensem
1079 1407 1215 1463 ecclesias
1237 1425 1320 1480 pares
1342 1427 1412 1478 esse,

360 1513 413 1552 neo
435 1498 558 1552 alteram
585 1497 670 1552 alteri
701 1494 849 1566 subjacere
881 1495 1017 1552 decrevit.
1064 1495 1119 1552 (lui
1142 1513 1209 1552 eum
1233 1497 1412 1554 Laniruncus

360 1585 564 1658 respondisset,
588 1586 680 1640 “Nec
694 1603 749 1656 ego
764 1603 830 1640 sum
846 1585 1058 1640 [londoniensis
1079 1603 1133 1641 nec
1156 1585 1192 1641 de
1215 1584 1412 1644 Londonieusi

363 1675 382 1700 u

405 1681 486 1731 mota
519 1680 564 1731 est
597 1675 750 1746 quastio.”
806 1673 925 1744 Adiecit
956 1675 1091 1739 Thomas,
1118 1675 1168 1745 qui
1192 1693 1291 1732 secum
1315 1677 1413 1749 plures

362 1763 507 1820 isuwrum
530 1765 635 1820 classes
656 1764 809 1829 asciverat,
833 1763 948 1832 “Quod
966 1762 1102 1819 videlicet
1125 1763 1248 1820 abesto
1272 1765 1413 1838 Gregorio

364 1852 383 1879 tt

406 1854 461 1909 soli
483 1854 651 1925 Augustino
674 1870 840 1909 eoncessum
872 1854 967 1908 fuerat
1001 1871 1100 1908 omnes
1123 1854 1241 1925 Angliae
1264 1856 1413 1929 episcopos

365 1943 384 1968 ‘⁴
407 1944 511 1999 habers
545 1943 708 2014 subjectos;
746 1948 777 1998 et
811 1941 889 2014 quod
911 1947 977 2014 post
1007 1935 1118 1998 obitum
1153 1943 1314 2015 Augustini
1336 1946 1414 2002 inter

189 2087 280 2150 l'wps.
294 2086 342 2136 col.
366 2120 386 2146 u

187 2157 269 2203 2³49.

366 2031 384 2057 ‘¹
409 2033 624 2090 londonienses
647 2038 678 2087 et
701 2032 895 2088 Eboracenses
916 2032 1064 2104 episcopos
1087 2037 1190 2087 mutua
1212 2034 1286 2090 foret
1309 2035 1412 2104 gratier

409 2122 598 2188 vicissitudo;
630 2126 660 2178 et
693 2121 770 2193 qnod
805 2121 989 2192 prioritatem
1011 2120 1130 2177 honoris
1153 2129 1285 2178 csussret
1306 2123 1413 2179 antici·

367 2209 386 2234 “
409 2211 489 2282 patio
526 2211 728 2266 ordinationis.
789 2211 828 2265 Et
859 2209 993 2282 quamvis
1027 2210 1211 2282 Augustinus
1247 2209 1344 2267 sedem
1378 2213 1414 2268 de

367 2299 386 2324 “
411 2299 570 2356 Irondoniis
603 2300 641 2355 ad
671 2299 860 2355 Cantusriam
886 2300 1094 2366 transtulisset,
1119 2300 1144 2354 si
1168 2300 1326 2372 Gregorius
1348 2320 1413 2358 suc·

367 2386 387 2412 ‘⁶
410 2407 534 2445 cessores
549 2389 711 2459 Augustini
728 2389 889 2460 prioratum
913 2406 999 2460 super
1023 2389 1252 2445 Eboracensibus
1267 2389 1413 2461 voluisset,

367 2478 386 2502 “
410 2479 495 2534 facile
516 2477 684 2550 hujusmodi
704 2479 792 2534 verba
814 2479 846 2534 iu
869 2496 921 2533 sua
943 2477 1065 2550 epistole
1087 2479 1238 2550 posuisset,
1255 2478 1328 2536 Haee
1348 2481 1414 2548 tibi,

366 2567 386 2591 “
411 2568 586 2639 Augustino,
603 2573 633 2624 et
647 2566 860 2623 successoribus
881 2567 941 2622 tuis
963 2567 1097 2623 concedo.
1144 2569 1254 2624 Verum
1271 2569 1340 2641 quia
1360 2571 1416 2626 hoc

367 2656 386 2682 ‘⁸
410 2658 447 2713 sd
480 2674 655 2714 successores
684 2657 846 2729 Augustini
877 2656 994 2712 extendi
1028 2657 1133 2723 noluit,
1158 2657 1222 2712 ideo
1245 2657 1281 2712 ds
1303 2677 1416 2714 sncces-

368 2745 388 2770 “
411 2747 523 2802 soribus
545 2747 726 2803 mentionem
747 2764 806 2802 non
830 2738 928 2801 lecit.’'
974 2745 1023 2800 Ad
1046 2747 1109 2802 hsce
1133 2746 1323 2812 Laniranous,
1349 2747 1415 2804 “Si

368 2835 387 2860 “
412 2835 465 2891 soli
486 2835 654 2908 Augustino
677 2841 707 2891 et
728 2853 788 2890 non
818 2835 1029 2891 successoribus
1052 2835 1113 2890 suis
1135 2835 1199 2890 haeo
1221 2853 1356 2892 concessa
1378 2837 1417 2892 sit

369 2923 389 2949 ⁴¹
412 2925 577 2992 auotoritas,
609 2926 684 2981 exile
715 2925 791 2982 foret
824 2943 932 2980 munus
970 2925 1162 2995 apostolicum
1194 2943 1246 2979 suo
1278 2924 1416 2981 familiari

370 3013 390 3038 “
413 3015 562 3080 collatum,
584 3014 746 3086 prasertim
769 3032 836 3069 cum
858 3012 1044 3084 Augustinus
1073 3013 1189 3068 nullum
1213 3013 1283 3068 dum
1305 3013 1418 3070 viseret

369 3103 389 3128 “
412 3104 590 3160 ordinaverit
619 3104 827 3159 Eboracensem
859 3103 1037 3174 episcopum,
1061 3121 1114 3158 neo
1136 3103 1178 3157 ibi
1201 3101 1290 3157 luerit
1311 3103 1418 3176 aliquis

369 3193 389 3216 “
413 3194 573 3266 episcopus,
606 3210 692 3264 quem
726 3192 913 3263 Augustinus
946 3190 1108 3262 subjectum
1146 3191 1273 3248 haberet.
1331 3193 1416 3250 Hunc

370 3282 389 3306 “
413 3282 537 3353 deniqne
568 3281 745 3353 dignitatem
776 3281 933 3353 privilegiu
967 3281 1125 3352 apostolica
1149 3281 1416 3339 Doroberneusibus

369 3371 389 3395 “
413 3371 575 3442 Augustini
597 3371 809 3427 successoribus
835 3369 1091 3436 confirmaverunt,
1116 3389 1231 3443 requam
1255 3377 1284 3426 et
1303 3369 1416 3442 justum

370 3460 389 3483 “
413 3478 474 3516 esse
503 3465 680 3516 censuerunt
702 3465 736 3515 ut
759 3477 859 3514 omnes
890 3460 1056 3530 Anglornm
1086 3459 1215 3515 ccclesias
1239 3461 1275 3516 ab
1297 3479 1331 3516 eo
1353 3462 1417 3518 loco

370 3549 389 3573 ‘⁴
413 3555 580 3605 mutuarent
612 3549 730 3604 risendi
766 3547 950 3621 disciplinam
985 3568 1003 3604 a
1037 3549 1121 3621 cujus
1148 3551 1228 3604 sonte
1257 3558 1417 3620 rapuerunt

370 3638 389 3662 “
413 3638 549 3694 credendi
573 3639 728 3693 flammam.
774 3639 863 3692 Porro
886 3637 964 3709 quod
987 3637 1068 3706 dieis,
1093 3639 1266 3710 Gregorium
1290 3640 1417 3712 potuisse

370 3727 390 3752 ‘⁸
413 3727 594 3783 sivoluisset
616 3726 826 3783 suecessoribus
842 3727 1004 3798 Augustini
1028 3727 1221 3795 confirmasse,
1238 3728 1316 3784 dieto
1340 3730 1417 3801 qaod

371 3817 390 3842 “
414 3821 593 3872 concesserat
622 3816 800 3887 Augustino,
832 3833 935 3872 verum
967 3821 1020 3881 est,
1052 3835 1105 3872 nce
1139 3823 1235 3872 temen
1268 3817 1323 3873 hoe
1355 3819 1416 3873 sedi

370 3906 390 3931 ‘⁸
413 3905 616 3962 Gantuariensi
650 3905 852 3983 praejudicium
887 3905 983 3970 affert,
1023 3923 1088 3960 uam
1128 3907 1243 3978 quando
1282 3907 1417 3963 Christus

370 3995 389 4020 “
413 3994 489 4050 dixit
510 3996 609 4060 Petro,
632 3994 699 4049 Tibi
721 3994 796 4049 dabo
819 3994 915 4050 claves
937 3993 1022 4065 regni
1045 3995 1189 4064 calorum,
1215 3997 1312 4068 potuit
1335 3996 1416 4067 adjo-

370 4085 389 4109 “
413 4084 486 4140 cisse
518 4084 543 4138 si
570 4084 718 4150 voluisset,
750 4083 871 4139 eandem
906 4087 1080 4156 potestatem
1113 4086 1323 4140 successoribus
1357 4087 1417 4140 tuis

370 4170 389 4197 “
413 4172 547 4229 concedo.
601 4173 812 4229 Verumtamen
841 4170 931 4243 hujus
969 4171 1041 4228 dieti
1080 4173 1285 4244 praetermissio
1322 4173 1416 4228 nichil

370 4260 388 4286 “
412 4261 582 4318 reverentia
603 4263 649 4316 rel
671 4261 852 4316 auctoritatis
875 4261 984 4317 ademit
1007 4261 1085 4316 Petri
1108 4263 1328 4328 successoribus,
1346 4263 1416 4333 quin

371 4352 389 4376 “
414 4352 510 4407 ineis
533 4350 692 4407 officiorum
715 4351 975 4407 ecclesiasticorum
999 4355 1063 4405 rata
1085 4350 1124 4404 sit
1147 4351 1331 4421 dispensatio.
1378 4351 1416 4405 Et

373 4440 391 4465 ‘⁶
416 4440 487 4512 qnid
524 4441 589 4512 egit
621 4441 676 4495 hoc
706 4439 766 4495 nisi
797 4440 843 4495 vis
876 4440 986 4495 divinae
1013 4439 1197 4493 liberalitatis
1231 4455 1283 4510 pei·
1314 4439 1416 4496 «Iesum

373 4529 391 4554 ‘⁶
417 4529 565 4586 Christum
589 4547 607 4584 a
628 4529 712 4585 mato
735 4529 822 4586 Petro
844 4529 876 4584 iu
899 4527 1023 4584 vicarios
1054 4525 1116 4597 ejus
1150 4527 1279 4584 dillussi
1324 4529 1416 4601 Prop-

374 4620 393 4643 “
416 4623 495 4674 terea
528 4618 554 4674 si
586 4617 768 4674 dialecticam
805 4618 892 4685 nosti,
917 4616 1001 4686 Quod
1023 4616 1100 4671 valet
1132 4615 1164 4670 in
1198 4622 1260 4672 toto
1283 4620 1361 4674 valet
1384 4618 1415 4675 iu

374 4707 392 4732 “
417 4715 508 4779 parte,
531 4713 562 4763 et
585 4708 661 4780 quod
684 4708 763 4763 valet
785 4706 816 4761 in
840 4706 942 4778 majori
968 4705 1047 4760 valet
1070 4704 1100 4760 in
1123 4705 1237 4762 minori.
1286 4707 1417 4766 Romana

373 4796 391 4821 ‘⁶
415 4797 537 4856 eeclesia
573 4797 656 4872 quasi
693 4802 788 4853 totum
827 4801 871 4851 est
907 4795 1037 4850 omnium
1076 4795 1272 4865 ecclesiarum,
1305 4805 1417 4856 caeterae
