3625 5784
418 865 481 926 216
752 875 896 924 1111111111
923 875 1104 924 ruienses

420 1072 581 1144 depictum.
620 1073 669 1128 Sie
686 1060 798 1142 igitur¹
814 1072 850 1127 de
865 1071 963 1127 codiee
979 1070 1153 1142 procedebat
1168 1070 1264 1134 lectio,
1282 1068 1319 1123 ad
1333 1067 1469 1141 yconiam

422 1161 548 1216 ducebat
564 1151 682 1226 oratio,²
697 1161 732 1216 de
749 1165 872 1232 utroque
888 1159 1080 1233 respondebat
1094 1159 1219 1214 dovotio.
1266 1157 1469 1224 Comestionis,

421 1250 616 1314 dormitionis,
640 1249 828 1322 equitationis
851 1255 983 1321 tempora
1005 1250 1110 1320 quibus
1139 1247 1238 1302 studio
1267 1245 1401 1318 nequivit
1423 1245 1470 1298 in·

421 1341 523 1395 sistere
546 1338 696 1412 deperdita
715 1338 869 1411 judicavit.
917 1338 1057 1408 Quotiens
1089 1336 1212 1392 bibliam
1242 1353 1325 1390 suam
1356 1333 1472 1406 apernit

421 1429 520 1486 osculo
536 1429 698 1484 honoravit.
745 1427 906 1484 Commissa
928 1427 984 1482 sibi
1008 1429 1102 1482 erucis
1125 1425 1272 1497 legatione
1289 1422 1470 1496 procuratio·

420 1537 473 1572 nos
496 1535 645 1574 consessas
667 1535 726 1574 uon
750 1515 886 1588 sumpsit,
910 1517 1035 1588 propriis
1058 1514 1213 1588 stipendiis
1234 1519 1338 1569 eontra
1359 1529 1470 1567 morem

420 1607 568 1662 militavit.
607 1595 785 1662 Ρ1111111113
799 1606 877 1677 apud
888 1605 1040 1669 Oxoniam,
1057 1603 1254 1668 Gloverniam,
1271 1602 1471 1674 Wygorniam,

423 1697 531 1750 imbres
565 1712 650 1766 super
677 1696 817 1767 populum
842 1695 986 1750 irruentes
1008 1694 1144 1766 precibus
1175 1693 1291 1749 avertit.
1338 1693 1472 1765 Contigit

422 1802 457 1840 oo
481 1787 511 1840 in
535 1784 632 1839 studio
654 1800 707 1839 suo
730 1783 906 1838 dormitante
929 1784 1080 1839 candelam
1103 1801 1191 1854 super
1220 1782 1340 1838 bibliam
1370 1781 1472 1838 eadere

423 1881 452 1928 ot
486 1873 596 1938 ardore,
621 1879 665 1928 set
687 1891 721 1927 eo
751 1873 910 1942 evigilante
940 1878 970 1927 et
1000 1873 1165 1945 suspirante
1196 1871 1309 1927 nullam
1341 1871 1470 1926 ustulam

422 1979 567 2034 apparere.
615 1961 759 2018 Similiter
791 1967 850 2016 tres
885 1979 985 2017 eruces
1006 1979 1093 2034 super
1115 1961 1285 2017 ant-hraoem
1317 1979 1404 2033 quem
1439 1961 1470 2016 in

422 2051 494 2122 pede
527 2051 630 2106 habuit
660 2069 727 2108 cum
757 2067 854 2124 penna
877 2069 930 2106 sua
952 2053 1032 2118 t‘eeit,
1064 2056 1096 2107 et
1129 2054 1269 2106 continuo
1301 2051 1471 2122 aposthema

421 2141 548 2195 evanuit.
595 2137 666 2210 Ejus
701 2140 796 2196 cilicia
831 2143 993 2196 inveterata
1022 2142 1085 2212 igni
1115 2139 1224 2196 tradita
1245 2140 1377 2196 oomburi
1410 2158 1470 2194 non

421 2233 565 2301 poterant,
587 2247 641 2284 neo
662 2231 692 2284 in
714 2227 818 2285 ciliciis
834 2228 896 2299 ejus
917 2238 970 2285 aut
984 2229 1100 2286 caeteris
1114 2229 1246 2286 restibus
1267 2227 1318 2284 rix
1340 2246 1469 2300 unquam

419 2319 526 2372 vermis
556 2318 675 2390 reperiri
707 2317 810 2390 potuit.
858 2319 957 2374 Missis
987 2319 1142 2391 aliquando
1173 2319 1208 2374 de
1232 2318 1389 2374 Cautuaria
1410 2309 1470 2372 nd⁴

420 2406 605 2463 Sarisbiriam
627 2407 744 2462 nunciis
766 2426 819 2480 pro
849 2407 1005 2463 Edmundo
1027 2409 1119 2480 ipsius
1141 2405 1198 2464 looi
1228 2407 1409 2463 thesaurario
1438 2408 1470 2462 in

418 2496 666 2568 arehiepiscopum
689 2497 894 2568 promovendo,
919 2497 963 2553 ait
994 2497 1032 2553 nd
1053 2515 1103 2552 eos
1124 2497 1260 2562 damnus,
1285 2497 1304 2522 “
1318 2497 1398 2552 Bene
1419 2514 1470 2551 re·

420 2587 440 2610 ‘⁶
464 2585 566 2640 ueritis
580 2591 611 2640 et
626 2585 701 2640 male
716 2586 854 2642 veneritis
867 2609 875 2652 ς
892 2585 965 2642 bene
980 2587 1109 2658 quidem,
1125 2586 1204 2657 quod
1218 2590 1325 2641 nostrae
1340 2585 1469 2640 eeclesiae

420 2677 439 2700 ⁶·
464 2674 603 2730 honorem
619 2673 735 2740 laoitis;
760 2675 812 2730 sed
827 2675 913 2740 male,
923 2677 993 2747 quia
1008 2674 1177 2730 thesaurum
1186 2681 1320 2730 nostrum
1334 2667 1389 2730 in⁵
1405 2677 1468 2732 the·

420 2767 439 2788 ⁸*
464 2781 593 2818 saurarro
607 2753 755 2819 aufertis.”
802 2763 1001 2820 calciamenta
1016 2764 1135 2836 propria
1157 2765 1213 2818 sibi
1236 2765 1387 2820 detrahere
1410 2784 1468 2820 non

417 2852 543 2909 erubuit
589 2851 759 2924 Gnieunque
775 2843 854 2908 sibi⁶
869 2853 1003 2908 confiteri
1017 2852 1127 2908 volenti
1143 2853 1179 2908 do
1199 2871 1273 2925 equo
1293 2852 1468 2910 descendens

417 2940 595 2996 audientiam
620 2941 754 3012 praabuit,
779 2942 861 2996 nulla
884 2943 958 2998 aeris
982 2941 1155 3014 intemperie
1178 2949 1229 2998 aut
1258 2943 1380 3014 hospitii
1403 2962 1467 3014 pro·

417 3029 582 3102 pinquitoto
605 3029 790 3097 retardatus;
816 3032 911 3087 instar
933 3031 1018 3085 olium
1034 3049 1100 3102 quaa
1116 3021 1257 3087 sibimet⁷
1272 3033 1382 3087 retinet
1403 3051 1467 3088 cor·

417 3118 484 3174 tisis
515 3117 741 3174 amaritudinem
774 3126 805 3174 et
836 3121 952 3176 11111111
982 3120 1082 3175 fundit
1105 3120 1228 3192 liquoris
1261 3121 1466 3177 duleedinem:

417 3210 459 3262 sio
482 3210 544 3280 ipse
567 3207 684 3264 sibimet
706 3215 769 3263 erat
793 3209 895 3275 durus,
921 3211 1034 3264 ceteris
1056 3209 1240 3282 compatiens
1261 3216 1292 3266 et
1313 3210 1465 3281 benignus

418 3297 522 3353 Pectus
544 3315 629 3352 suum
654 3299 819 3368 frequenter
842 3297 963 3363 tutudit,
988 3315 1085 3369 genua
1107 3304 1194 3355 teme
1217 3299 1336 3366 collisit,
1361 3300 1404 3355 ita
1433 3309 1468 3356 ut

416 3387 514 3442 cleriei
537 3385 569 3440 in
592 3385 717 3441 cellariis
748 3386 800 3441 sub
825 3387 887 3458 ipso
918 3394 1073 3459 pausantes
1102 3389 1153 3443 rix
1184 3387 1311 3444 dormire
1340 3395 1465 3461 possent

417 3475 525 3530 Sexum
547 3473 707 3530 femineum
739 3473 775 3530 ob
806 3476 946 3532 honorem
969 3476 1062 3532 beatas
1084 3477 1209 3548 virginis
1240 3495 1354 3550 semper
1376 3478 1466 3534 hono·

416 3563 503 3628 ravit,
527 3581 582 3619 neo
604 3568 702 3620 tamen
725 3581 777 3636 per
806 3565 861 3620 hoe
891 3565 1037 3620 maculam
1067 3565 1211 3633 incurrit;
1246 3566 1338 3622 immo
1359 3585 1427 3623 oum
1448 3587 1468 3624 a

416 3651 541 3724 quodam
578 3651 717 3708 familiari
755 3671 807 3708 suo
839 3672 874 3709 ex
906 3655 962 3710 hoo
995 3655 1256 3726 reprehenderetur
1288 3655 1365 3727 quod
1398 3675 1466 3713 oum

416 3741 540 3811 quadam
574 3741 676 3813 pulcra
698 3747 832 3798 matrona
854 3749 915 3798 tam
939 3744 1107 3814 frequenter
1132 3746 1311 3817 loqueretur,
1346 3763 1464 3818 respon·

415 3829 492 3885 disse
523 3830 622 3885 fertur.
683 3830 863 3888 “Vidistine
885 3849 972 3904 quam
999 3833 1129 3903 speciosa
1154 3834 1213 3889 fuit
1244 3834 1320 3892 illa?
1358 3834 1465 3906 saepius

415 3920 436 3944 “
460 3919 534 3974 mihi
557 3921 648 3974 fateor
670 3919 786 3986 assedit,
802 3939 953 3993 nunquam
976 3929 1075 3978 tamen
1097 3925 1164 3994 plus
1185 3923 1222 3980 de
1244 3925 1406 3996 illaquam
1428 3923 1466 3980 de

416 4010 436 4034 “
460 4025 544 4064 muro
576 4013 735 4080 temptatus
766 4008 859 4065 extiti.
905 4011 1074 4080 Quinetiam
1096 4011 1123 4066 si
1145 4013 1332 4084 omniaque
1355 4013 1387 4068 in
1410 4014 1465 4070 hoo

415 4099 434 4124 “
460 4097 570 4170 peccati
603 4115 707 4169 genere
730 4099 863 4154 oommisi
885 4098 916 4154 in
940 4101 1036 4156 fronte
1058 4119 1123 4158 mea
1144 4103 1382 4175 depingerentur,
1405 4121 1464 4158 non

415 4189 434 4212 ‘¹
459 4187 684 4244 erubesoerem.'’
741 4189 895 4244 Munerum
928 4194 1093 4262 aooepteres
1127 4191 1334 4260 detestabatur,
1365 4191 1465 4248 diesne

448 4428 569 4494 lipitar]
589 4427 750 4496 arpenna
940 4432 946 4546 Ι
998 4431 1262 4499 4(11]11111(1,Η1311.
1360 4439 1365 4452 '

447 4507 572 4574 ‘or-atio]
587 4507 652 4558 from
663 4507 847 4572 trigamos,
857 4509 912 4557 MS.
941 4550 944 4557 .
996 4510 1067 4577 ⁸in]
1088 4513 1245 4578 cumfflige.

447 4587 458 4620 ³
475 4589 514 4638 At
526 4587 575 4638 this
585 4588 657 4652 plene
668 4603 702 4637 on
719 4585 781 4638 toth
799 4586 912 4654 margins
939 4574 944 4681 Ι
996 4587 1086 4655 niti]
1107 4589 1196 4651 obiter,
1207 4591 1285 4658 Higd.

413 4667 433 4722 is
445 4667 489 4724 De
502 4667 597 4720 Sancto
610 4665 754 4718 Edamtdo.
939 4688 942 4722 1
996 4667 1132 4738 7111111111]
1153 4670 1300 4741 11111,Ηίςά.
