3625 5784
493 841 553 917 na
835 860 983 916 sanarer
1005 860 1189 916 ravennon

487 1057 613 1114 divitum
659 1057 845 1114 insolentiam
888 1077 946 1133 qua
990 1078 1131 1133 pauperes
1167 1058 1290 1131 indigne
1335 1059 1537 1116 tractabantur

487 1147 660 1220 suggillans,
706 1148 865 1206 mediocres
902 1148 941 1206 ad
984 1150 1182 1206 immodaratus
1226 1150 1371 1206 libertatis
1407 1167 1536 1206 amorem

486 1237 682 1306 inflammans,
706 1239 778 1295 adeo
810 1239 951 1311 plurimos
973 1239 1057 1312 quasi
1094 1238 1253 1313 praestigiis
1285 1239 1443 1296 fascinatas
1475 1239 1532 1294 sibi

486 1327 629 1394 devinxit,
664 1333 698 1384 nt
736 1329 950 1402 quinquaginta
972 1328 1030 1385 duo
1067 1330 1150 1386 milia
1181 1327 1431 1386 Londoniansium
1452 1328 1533 1385 iudi·

485 1435 626 1488 genarum
671 1419 709 1474 ad
746 1417 809 1490 ejus
849 1425 956 1475 nutum
995 1436 1136 1491 tanquam
1174 1419 1323 1475 communi
1360 1424 1532 1476 cunctorum

483 1507 627 1580 provisori
665 1509 907 1580 obtemperarent.
967 1509 1061 1564 'l'anto
1094 1509 1187 1580 igitur
1219 1510 1312 1565 fretus
1349 1509 1531 1566 consciorum

482 1615 614 1664 numero,
639 1603 779 1671 tanquam
802 1598 899 1654 zelans
920 1616 974 1671 pro
996 1599 1173 1671 pauperculo
1195 1599 1306 1672 populo
1328 1603 1359 1655 et
1380 1598 1532 1656 commodo

481 1687 573 1758 regio,
598 1687 688 1761 coepit
718 1687 750 1743 in
777 1687 857 1744 omni
885 1693 964 1744 ooetu
995 1688 1143 1745 nobilibus
1172 1688 1316 1755 resistere,
1349 1688 1533 1761 praetendens

481 1776 558 1849 quod
581 1777 805 1834 eorum‘fraude
829 1778 898 1834 fiseo
931 1777 1094 1851 plurimum
1127 1778 1299 1851 deperiret3
1338 1797 1464 1851 cumque
1486 1777 1532 1833 illi

481 1871 583 1923 contra
614 1885 680 1923 eum
719 1873 837 1940 propter
873 1867 929 1923 hoc
966 1869 1133 1935 fremerent,
1165 1868 1367 1924 transfretavit
1405 1868 1455 1924 ille
1492 1867 1530 1923 sd

480 1973 579 2028 regem
625 1974 677 2028 pro
723 1955 806 2028 eujus
844 1956 901 2013 fide
932 1961 1087 2029 potentum
1132 1955 1256 2029 injurias
1294 1977 1324 2014 se
1362 1975 1530 2030 perpassum

479 2046 656 2102 ostendebat.
703 2046 777 2103 Inde
800 2064 932 2102 reversus
955 2047 1115 2103 calliditate
1142 2046 1230 2104 solita
1252 2048 1342 2120 coepit
1365 2047 1688 2111 ascensuum-001·

479 2139 619 2207 tanquam
640 2136 721 2208 regio
754 2138 852 2193 favore
874 2135 1016 2192 subnixus
1037 2136 1202 2194 fiducialius
1223 2155 1319 2209 agera,
1343 2143 1373 2193 et
1398 2137 1530 2210 proprios
1542 2120 1616 2167 ²⁴¹¹·

479 2224 634 2298 complices
657 2225 760 2282 fortius
785 2225 923 2284 animare.
961 2225 1094 2299 (lamque
1113 2226 1176 2299 jam
1199 2226 1283 2283 initae
1306 2226 1530 2300 conspirationis

477 2333 579 2372 rumor
607 2315 828 2389 percrebuisset,
861 2315 1079 2373 cantuariensis
1110 2316 1344 2390 archiepiscopus
1377 2317 1529 2373 Hubertus

479 2405 526 2460 cui
563 2405 648 2478 regni
685 2405 817 2477 regimen
855 2407 1042 2462 commissum
1079 2407 1186 2474 fuerat,
1221 2407 1337 2479 plebem
1376 2411 1527 2472 convocat,

478 2499 563 2550 natos
607 2513 737 2552 rumores
782 2496 897 2563 recitat,
943 2496 981 2551 ad
1018 2496 1180 2552 tollendum
1213 2515 1328 2553 omnem
1376 2495 1527 2552 sinistram

479 2583 673 2657 suspicionem
696 2585 810 2642 obsides
844 2585 907 2642 deri
939 2590 1032 2658 rogat.
1083 2584 1157 2658 Ejus
1180 2585 1381 2658 blandiloquio
1403 2587 1530 2659 populus

479 2674 610 2747 placatus
644 2676 835 2748 obtemperat,
867 2673 981 2731 obsides
1013 2674 1111 2731 donat.
1158 2675 1361 2733 Nihilominus
1390 2677 1530 2748 prefatus

479 2763 646 2821 Willelmns
677 2765 782 2838 ooeptis
814 2764 963 2830 insistens.
987 2765 1115 2822 vallatus
1147 2764 1242 2821 turbis
1275 2765 1439 2838 pompatice
1461 2783 1529 2838 pro·

479 2855 610 2922 cedebat,
642 2860 803 2912 convontus
834 2853 966 2927 publicos
999 2854 1134 2922 faciebat,
1165 2856 1338 2912 salvatorem
1369 2873 1529 2928 pauperum

479 2961 510 3000 ee
554 2945 686 3012 vocabat,
733 2944 914 3001 fraenandam
958 2944 990 2999 in
1035 2944 1117 3001 bravi
1154 2951 1308 3017 potentum
1352 2946 1530 3018 proterviam

479 3033 631 3106 granditer
660 3035 820 3090 intonabat.
873 3033 960 3091 Unde
990 3039 1021 3090 et
1044 3039 1161 3107 sumpto
1196 3035 1232 3091 de
1262 3033 1352 3095 saeris
1378 3033 1530 3108 scripturis

480 3123 609 3180 themate
642 3123 685 3180 ita
718 3141 836 3180 eramus
869 3129 923 3180 cst.
969 3124 1152 3180 ‘'Haurietis
1181 3141 1270 3196 aquas
1295 3125 1327 3180 in
1360 3124 1468 3196 gaudio
1492 3124 1529 3180 da

481 3215 499 3240 ‘⁴
525 3214 605 3269 fonte
628 3214 788 3271 salvatoris.
834 3214 898 3284 Ego
921 3203 1022 3268 enim¹
1045 3231 1111 3269 sum
1133 3232 1295 3286 pauperum
1318 3215 1455 3281 salvater,
1478 3232 1529 3270 vos

481 3305 500 3330 ‘⁸
524 3321 663 3375 pauperes
685 3303 773 3359 duras
796 3302 924 3359 divitum
945 3321 1051 3358 manns
1069 3305 1181 3375 experti
1204 3294 1370 3360 haurietis²
1391 3321 1471 3358 nuuc
1493 3303 1529 3359 de

481 3393 500 3419 ‘¹
525 3393 655 3450 fontibus
677 3393 750 3448 meis
772 3410 861 3466 aquas
884 3393 1026 3448 doctrinae
1042 3393 1187 3458 salutaris,
1203 3398 1234 3449 et
1248 3394 1304 3449 hoc
1320 3411 1387 3448 eum
1409 3393 1527 3464 gaudio,

481 3483 500 3508 ‘¹
526 3481 677 3555 quiajam
699 3483 780 3538 venit
803 3487 920 3554 tempus
941 3483 1120 3538 visitationis
1143 3487 1256 3539 vestrm.
1303 3482 1396 3554 Ego‚”
1420 3481 1529 3555 inquit,

483 3573 501 3598 “
527 3571 657 3628 dividam
672 3590 760 3645 aquas
775 3571 811 3626 ab
826 3572 920 3644 aquis,
936 3590 1019 3644 aquae
1034 3591 1139 3644 nempe
1155 3573 1256 3644 populi
1271 3578 1348 3628 eunt.
1391 3571 1528 3628 Dividam

484 3663 503 3687 ‘⁴
528 3660 621 3732 igitur
651 3663 792 3734 populum
817 3663 957 3717 humilem
979 3667 1010 3717 et
1041 3662 1157 3718 fidelem
1180 3682 1199 3717 a
1221 3663 1329 3734 populo
1351 3662 1475 3734 superbo
1498 3667 1528 3717 et

484 3751 503 3776 '⁶
528 3751 647 3823 perfido,
663 3750 793 3806 dividam
809 3751 917 3806 eleetos
931 3769 950 3806 a
963 3751 1103 3824 reprobis,
1120 3753 1202 3808 velut
1217 3752 1312 3807 lucem
1334 3769 1352 3806 a
1371 3751 1527 3807 tenebria.”

482 3840 581 3912 Igitur
617 3841 768 3896 Hubertus
805 3841 947 3914 praelatus
985 3840 1022 3896 da
1052 3841 1174 3896 consilio
1214 3859 1366 3913 procerum
1396 3842 1528 3898 evocavit

481 3929 663 3987 Willelmum
682 3931 718 3986 ad
734 3929 886 3986 obicienda
911 3929 1138 3987 satisfacturum.
1173 3931 1230 4000 Qui
1253 3936 1416 4004 opportune
1430 3930 1526 3998 alluit,

481 4021 532 4076 sed
553 4019 597 4076 ita
617 4020 713 4076 turbis
743 4020 869 4076 vallatus
890 4025 945 4085 est,
969 4027 1003 4074 ut
1024 4018 1087 4091 ejus
1109 4026 1244 4076 evocator
1265 4020 1386 4077 territus
1410 4020 1528 4078 mollius

480 4115 579 4182 ageret
610 4117 641 4166 et
669 4109 814 4182 judicium
837 4111 1002 4182 protelaret.
1050 4111 1206 4182 Explorate
1240 4110 1360 4166 tandem
1382 4129 1434 4183 per
1455 4111 1528 4166 duos

480 4201 557 4256 cives
591 4199 807 4256 Londonienses
846 4199 1073 4271 opportunitate,
1106 4217 1164 4273 qua
1201 4201 1280 4256 solus
1318 4200 1382 4256 sine
1419 4191 1529 4256 turba³

479 4289 600 4362 reperiri
616 4294 723 4363 posset,
739 4289 776 4344 ad
792 4289 967 4361 capiendum
983 4280 1093 4358 [eum]⁴
1107 4295 1219 4345 armata
1234 4307 1339 4346 manus
1354 4289 1501 4346 emittitur
1518 4314 1525 4358 3

480 4380 531 4436 sed
553 4381 677 4436 alterum
700 4397 716 4434 e
738 4379 852 4435 civibus
875 4378 926 4451 qui
948 4397 1016 4434 eum
1039 4378 1262 4450 exploraverunt
1285 4379 1347 4451 ipse
1362 4379 1528 4436 Willelmus

478 4470 600 4542 bipenni
622 4487 674 4526 sua
697 4469 837 4526 mactavit
853 4491 860 4534 ς
884 4468 1020 4535 alterum,
1037 4486 1113 4524 unus
1129 4469 1165 4525 de
1179 4468 1322 4527 Willelmi
1338 4468 1529 4542 eomplicibus

482 4641 537 4651 --0—
607 4639 692 4648 -----
961 4637 969 4642 -
989 4635 1106 4643 ---—....

511 4735 519 4771 ¹
539 4735 615 4802 anim]
637 4734 726 4799 inquit,
740 4732 815 4798 Hign
1060 4732 1071 4765 ³
1088 4734 1178 4792 turbis,
1192 4735 1270 4800 Higd.

511 4813 678 4880 ²taurietis]
699 4811 807 4874 haurite,
820 4810 897 4880 lligd.
1059 4812 1165 4865 ⁴me
1175 4812 1254 4880 Higd.
