3625 5784
652 871 922 924 unrcnsrnnusrs
945 873 1153 925 cnaomoos.
1359 861 1422 924 125

371 1067 449 1123 ricus
493 1066 644 1124 maritavit
681 1067 836 1124 Matildam
882 1067 975 1125 liliam
1013 1085 1095 1125 susm
1143 1068 1272 1125 Henrico
1319 1075 1423 1141 quarto

370 1158 595 1213 Teutonicorum
633 1157 811 1230 imperatori.
868 1159 933 1214 Hoc
970 1176 1047 1215 auno
1080 1176 1131 1214 rex
1168 1158 1315 1214 Henricns
1346 1159 1425 1231 apud

370 1246 471 1302 villam
513 1247 549 1303 de
584 1247 760 1304 wodestoke
805 1247 876 1304 lecit
912 1265 1054 1320 magnum
1090 1266 1220 1320 parcum.
1267 1247 1424 1304 submerso

369 1336 494 1392 Ricardo
526 1336 633 1393 comite
656 1337 802 1394 Oestremi
824 1339 963 1394 successit
996 1337 1025 1394 ei
1058 1337 1233 1410 Rsnnlphus
1267 1337 1423 1408 praedictus

369 1425 406 1482 ds
430 1417 588 1492 Gemous‚¹
610 1426 689 1482 iilius
712 1426 818 1483 sororis
841 1426 978 1498 Hngonis
1011 1426 1109 1499 primi,
1133 1426 1185 1499 qni
1216 1425 1335 1499 praelnit
1357 1425 1422 1499 viij.

368 1516 462 1571 annis.
520 1515 694 1588 Radulphus
731 1515 960 1572 Doroberneusis
994 1515 1227 1589 archiepiscopus
1266 1515 1340 1574 obiit
1374 1516 1423 1572 oni

368 1604 505 1661 successit
527 1605 692 1663 Willelmus
714 1605 879 1662 eanonicus

414 1694 498 1752 Circa
529 1695 582 1750 hos
615 1694 678 1751 dies
700 1696 770 1751 ordo
795 1683 1051 1767 Templariornm²
1075 1693 1193 1767 incepit.
1240 1694 1294 1750 Hii
1316 1713 1423 1767 nempe

369 1784 538 1856 congregati
568 1803 604 1840 ex
626 1783 759 1854 reliqniis
781 1785 1014 1856 Hospitaliornm
1046 1783 1143 1840 sedem
1166 1784 1223 1840 sibi
1259 1789 1424 1842 notuerunt

368 1873 401 1929 in
432 1874 547 1946 porticu
578 1874 693 1946 Templi
725 1873 969 1946 Ierosolymitoni,
1002 1891 1062 1946 qne
1091 1873 1128 1932 de
1161 1892 1193 1928 rs
1227 1875 1322 1930 vocati
1353 1881 1424 1930 sunt

369 1962 478 2019 milites
501 1963 626 2036 Templi.
671 1963 728 2034 Qui
750 1981 786 2019 ex
807 1961 940 2035 reliquiis
963 1963 1198 2036 Hospitaliornm
1232 1963 1264 2018 in
1288 1963 1361 2019 oibis
1392 1969 1423 2020 ct

368 2052 458 2108 armis
489 2053 647 2108 sustentati
678 2053 716 2109 ad
737 2058 853 2109 tantam
885 2069 984 2108 rernm
1015 2051 1196 2124 opulentiam
1230 2051 1420 2119 devenerunt,

369 2147 405 2198 ut
433 2142 503 2198 filie
530 2142 632 2198 ditate
666 2148 791 2199 matrem
824 2141 996 2214 supergredi
1017 2142 1186 2198 viderentur
1219 2147 1250 2198 st
1272 2143 1421 2199 suffocare.

369 2230 427 2301 Qui
456 2231 575 2287 tandem
612 2232 649 2288 ob
681 2232 908 2304 ignominiosam
939 2231 1113 2302 apostasiam
1148 2236 1178 2288 at
1208 2231 1240 2286 in
1272 2231 1421 2288 Christum

368 2319 578 2393 blasphemiam
593 2321 671 2376 circe
692 2339 803 2378 aunum
825 2321 929 2393 gratia
952 2335 1086 2378 ncccxnn
1103 2321 1158 2377 sub
1179 2338 1255 2393 papa
1270 2320 1422 2381 Clemente

369 2410 472 2482 quinto
496 2410 586 2467 deleti
608 2415 686 2467 sunt

413 2500 563 2556 «lohannes
584 2501 732 2556 Romanus
754 2498 912 2556 eardinslis
935 2499 1076 2571 Angliam
1099 2499 1219 2555 veniens
1242 2499 1422 2558 severissime

369 2589 507 2645 tractarit
538 2594 642 2645 contra
674 2588 851 2646 concubinas
884 2589 1066 2644 secerdotum
1089 2588 1270 2654 coercendas,
1304 2590 1420 2647 dicens:

370 2679 525 2736 Summum
554 2679 648 2734 scelus
670 2698 732 2736 esse
755 2679 791 2734 de
813 2679 903 2734 latere
934 2677 1096 2734 meretricis
1119 2694 1237 2750 surgere
1259 2677 1298 2733 ad
1331 2679 1422 2735 confi-

369 2767 505 2824 ciendum
527 2786 632 2841 corpus
654 2767 773 2825 Christi
818 2769 862 2824 Eo
884 2772 983 2824 tamen
1017 2766 1075 2834 die,
1107 2771 1260 2838 postquam
1295 2767 1422 2823 celebro·

369 2864 451 2914 rorat
475 2858 514 2914 od
550 2875 711 2931 vesperem,
749 2876 816 2914 oum
846 2858 999 2912 meretrice
1035 2857 1228 2926 interemptus
1265 2861 1316 2913 est.
1363 2857 1421 2913 Res

369 2948 552 3020 apertissima
584 2948 687 3019 negari
709 2966 769 3003 non
803 2946 910 3020 potnit,
935 2946 1023 3002 celari
1057 2962 1116 3000 non
1140 2945 1248 3001 debuit.
1296 2947 1360 3002 Hoc
1395 2945 1420 3001 si

369 3036 506 3109 uniquam
528 3037 691 3110 displiceat,
714 3041 811 3093 taceat
833 3055 871 3092 na
895 3035 1061 3090 iohannem
1083 3033 1165 3106 sequi
1187 3033 1328 3092 videatur.

414 3126 562 3182 Honorius
611 3126 756 3182 secundus
792 3131 860 3198 post
897 3125 1045 3182 Oelixtnm
1093 3122 1168 3179 sedit
1212 3141 1288 3196 papa
1336 3125 1421 3181 annis

369 3217 508 3288 quinque.

414 3305 559 3362 Hemicus
590 3309 711 3378 quartus
743 3303 903 3376 imperator
935 3303 1118 3358 Alamannia
1142 3303 1225 3371 obiit,
1257 3309 1287 3360 et
1319 3322 1420 3360 secun·

368 3394 438 3450 dnm
461 3395 602 3468 quosdam
625 3394 757 3469 sepultus
778 3399 824 3449 cst
845 3393 924 3466 apud
947 3392 1062 3465 Spirsm
1085 3411 1152 3448 cnm
1184 3393 1420 3466 progenitoribus

368 3484 438 3550 suis,
462 3503 531 3540 cum
553 3484 607 3540 tali
628 3484 784 3559 epitaphio.

412 3576 431 3600 “
445 3575 538 3630 Filius
567 3574 627 3640 hic,
651 3579 734 3646 pater
764 3573 822 3639 hic,
861 3590 932 3628 arus
954 3571 1014 3639 hio,
1052 3589 1177 3644 prensus
1211 3571 1290 3644 jacet
1326 3565 1420 3631 istic.’'

367 3663 474 3722 Verius
497 3669 595 3720 temen
617 3663 735 3719 ridetur
758 3662 894 3718 Girsldns
917 3661 949 3716 in
973 3661 1128 3718 itinerario
1150 3660 1266 3719 Walliae
1299 3665 1418 3729 sentire,

367 3751 417 3806 nbi
441 3753 524 3821 dicit,
547 3753 625 3824 quod
639 3752 786 3808 Henricus
807 3751 859 3806 ille
880 3756 1033 3822 postquam
1057 3751 1284 3809 incarceraverat
1306 3758 1419 3825 patrem

366 3859 453 3897 suum
476 3842 621 3898 carnalem
652 3848 683 3898 et
715 3846 829 3915 patrem
846 3841 1034 3914 spiritualem
1057 3858 1162 3913 papam
1186 3859 1254 3896 cnm
1287 3843 1417 3900 curdino-

367 3931 455 3997 libus‚
490 3931 608 3987 tandem
646 3931 684 3987 ad
715 3948 765 3986 cor
795 3930 921 3996 rediens,
956 3930 1105 3986 ultroneus
1138 3931 1205 3986 exul
1237 3932 1331 3988 factus
1362 3939 1417 3998 est,

368 4020 487 4076 dimisso
509 4023 584 4077 olom
607 4038 695 4076 uxore
718 4037 772 4075 sus
793 4019 918 4074 Motilda
941 4019 1077 4090 Anglios‚
1102 4019 1301 4076 heremiticam
1324 4022 1416 4077 vitam

367 4111 445 4181 apnd
479 4110 621 4166 cestriam
653 4128 704 4181 per
735 4108 909 4164 decennium
942 4109 1035 4174 duxit,
1068 4109 1178 4164 ubine
1212 4109 1283 4165 dum
1305 4111 1418 4166 viveret

367 4201 501 4272 cuiquam
525 4199 729 4264 innotesceret,
753 4198 958 4254 Godescellum
980 4215 1010 4253 so
1033 4199 1158 4263 vocavit,
1183 4198 1261 4268 quod
1283 4205 1375 4266 sonat,
1399 4217 1417 4254 e

368 4288 421 4344 deo
466 4294 611 4344 vocatum.
667 4289 717 4344 Sic
762 4286 855 4358 igitur
892 4287 1066 4358 imperatore
1111 4286 1237 4342 latenter
1275 4287 1415 4358 digresso,

366 4377 500 4451 hlotildis
533 4377 703 4451 imperatrix
725 4377 762 4432 ed
795 4383 909 4450 patrem
943 4393 1027 4431 suum
1057 4393 1156 4446 regem
1191 4376 1353 4432 Hernicum
1385 4375 1417 4431 in

367 4466 580 4524 Normanniam
613 4467 712 4534 rediit,
752 4467 802 4522 ubi
834 4467 892 4523 cito
926 4470 993 4538 post
1031 4466 1166 4536 copulate
1203 4469 1248 4520 est
1285 4465 1417 4522 Gallrido

400 4737 408 4770 ¹
428 4737 581 4800 Menodices,
593 4737 674 4803 Higd.
833 4723 838 4735 ’
952 4733 963 4768 ²
980 4733 1021 4786 On
1032 4733 1093 4785 both
1101 4733 1213 4802 margins
1220 4735 1250 4797 is,
1262 4735 1335 4789 Ordo
1349 4739 1420 4791 Tem.

916 4813 1064 4880 pluriorem
1075 4813 1174 4879 incipit.
