3625 5784
619 898 889 950 aeromantiam
911 899 1122 952 ossomoos.
1328 890 1392 952 105

337 1103 505 1176 potionibus
538 1119 598 1158 non
633 1101 771 1174 peperoit.
816 1103 856 1158 lit
887 1103 914 1159 si
945 1103 1045 1158 minus
1076 1103 1238 1176 inerepatio
1272 1103 1393 1170 valeret,

339 1193 467 1264 ingenuo
500 1190 571 1249 ludo
602 1193 720 1264 eulpam
754 1191 840 1250 elirit.
887 1191 1026 1248 Dioesein
1061 1211 1145 1248 snam
1176 1197 1222 1249 ter
1253 1191 1285 1247 in
1317 1211 1395 1248 anno

340 1282 491 1350 circuibat,
531 1281 610 1337 mliii
647 1281 804 1354 apisoopali
844 1287 989 1355 potestate
1026 1288 1203 1355 extorquens
1241 1281 1291 1340 aed
1329 1301 1395 1354 quaa

341 1373 419 1427 ultro
457 1371 654 1428 offerebantur
685 1372 868 1443 gratulanter
906 1372 1089 1445 suscipiens;
1130 1371 1208 1445 quod
1246 1376 1325 1428 oerte
1359 1371 1393 1427 ad

340 1479 468 1534 praesens
499 1479 559 1518 non
591 1479 862 1517 commemorassem
896 1461 955 1516 nisi
994 1461 1071 1534 quod
1109 1467 1209 1517 nostro
1242 1479 1305 1517 aevo
1342 1479 1396 1533 pro

341 1551 483 1607 miraculo
521 1550 650 1615 duoitur,
691 1551 717 1606 si
754 1550 787 1606 in
825 1551 962 1623 episeopo
1007 1551 1170 1623 reperiatur
1214 1549 1395 1624 prredieandi

342 1641 470 1707 solertia,
504 1645 557 1695 aut
589 1639 753 1711 aecipiendi
787 1642 989 1712 temperantia.
1036 1641 1114 1696 Dum
1147 1657 1198 1696 rex
1229 1640 1396 1699 willelmus

341 1736 481 1786 renatum
504 1729 661 1800 aliquando
683 1730 849 1785 intenderet
871 1729 954 1787 adeat
975 1730 1101 1786 nuncius
1124 1729 1176 1803 qui
1199 1729 1278 1786 dieat
1302 1729 1394 1786 Oeno·

343 1819 493 1875 manniam
524 1820 586 1875 foro
617 1818 771 1887 obsessam,
800 1819 901 1875 statim
936 1839 986 1876 rar
1020 1837 1094 1892 equo
1125 1825 1235 1876 retorto
1270 1819 1326 1876 iter
1359 1820 1397 1874 ad

343 1927 424 1965 mare
445 1909 567 1965 reflexit.
612 1908 849 1964 Admonentibue
883 1909 1015 1976 ducibus,
1049 1910 1209 1966 exereitum
1241 1910 1303 1966 fore
1326 1927 1395 1966 oon-

273 1985 278 1996 '
343 1997 535 2069 gregandum,
560 2000 579 2023 “
592 1997 738 2064 Videbo,”
761 1998 868 2070 inquit,
886 2000 905 2023 ‘¹
920 1999 985 2071 quis
1012 2017 1059 2055 me
1081 1998 1153 2055 velit
1174 1999 1286 2072 eequi.”
1332 1999 1397 2054 Hoo

344 2086 431 2143 medo
452 2104 527 2159 pene
550 2087 628 2142 solus
650 2087 688 2142 ad
709 2105 790 2142 mare
820 2088 949 2154 devenit,
974 2107 1030 2144 rere
1056 2089 1198 2145 existente
1220 2078 1344 2143 nubilo¹
1367 2093 1398 2143 et

345 2182 433 2232 vento
456 2176 609 2233 contrario.
657 2177 731 2232 Cum
754 2176 848 2248 igitur
870 2177 990 2233 omniuo
1005 2179 1191 2234 transfretare
1213 2179 1313 2236 vellet.
1329 2195 1397 2232 eua-

169 2263 260 2326 ΤΠ*
273 2259 323 2308 ⁰⁰¹·
346 2271 447 2323 serunt
468 2271 567 2322 nautea
589 2272 710 2322 ventum
734 2271 764 2322 et
786 2285 888 2322 auram
911 2273 1069 2339 expectare.
1125 2269 1164 2323 Et
1186 2269 1255 2323 ille:
1282 2267 1395 2322 “Nurr-

169 2331 250 2378 ²³⁷⁰‘
348 2357 366 2382 “
391 2373 479 2428 quam
517 2355 618 2412 audivi
658 2355 694 2411 da
737 2373 807 2428 rege
841 2358 1009 2414 submerso:
1054 2358 1125 2430 quin
1164 2358 1260 2429 potius
1293 2355 1397 2411 solvite

349 2444 555 2500 “retinacula
591 2445 712 2501 navium
751 2451 781 2502 et
814 2445 952 2502 videbitis
985 2446 1130 2502 elementa
1163 2445 1328 2518 conspirare
1360 2446 1397 2500 ad

347 2537 367 2561 “
390 2552 489 2590 meum
511 2534 710 2606 obsequium.'’
757 2535 864 2607 Sisque
885 2541 975 2607 ponto
1001 2537 1135 2602 transito,
1159 2536 1319 2591 obsessores
1342 2536 1396 2590 Co-

345 2623 512 2680 nomanniar
550 2623 651 2679 audita
687 2625 764 2679 lama
795 2625 939 2680 adventus
977 2624 1039 2695 ejus
1074 2625 1230 2680 dissiliunt.
1286 2623 1398 2679 Auctor

346 2713 482 2769 factionis
504 2712 605 2768 Heliae
628 2713 752 2785 eapitur,
777 2714 826 2768 cui
848 2719 917 2769 ante
940 2733 970 2770 se
993 2714 1118 2770 adducto
1145 2731 1195 2769 rex
1218 2713 1397 2768 ludibundus

346 2803 398 2868 ait,
423 2801 558 2858 “Habeo
590 2807 621 2858 te
643 2802 812 2874 magister?
857 2803 900 2859 At
922 2804 983 2870 ille,
1019 2803 1184 2860 “Fortuito
1213 2821 1260 2858 me
1283 2801 1396 2875 espisti,

347 2895 366 2919 ‘⁶
391 2892 442 2948 aed
464 2893 489 2946 si
512 2909 628 2964 possem
662 2890 793 2958 evadere,
826 2894 895 2948 novi
931 2893 1002 2964 quid
1032 2891 1186 2948 iacerem.”
1229 2891 1313 2946 Tune
1346 2909 1396 2946 ror

345 2987 452 3047 motus,
475 2981 584 3053 inquit,
611 2984 630 3008 ‘⁸
643 2982 713 3050 Abi,
736 2983 824 3054 luge3
848 2982 975 3038 eeucado
1005 2987 1040 3036 ut
1063 2982 1151 3038 faoias
1178 2980 1256 3054 quod
1278 2980 1396 3054 poteris,

344 3073 363 3097 ‘⁴
388 3077 419 3127 et
445 3071 472 3126 ai
486 3089 533 3127 me
548 3071 664 3136 vioeris,
679 3089 732 3143 per
753 3072 809 3126 hoe
830 3076 928 3127 tecum
951 3071 1109 3144 paoieoar.”
1155 3071 1212 3126 Pro
1231 3069 1397 3141 hujusmodi

344 3161 376 3216 in
406 3160 462 3216 hoo
496 3178 566 3232 rege
602 3161 726 3232 repertis
756 3160 781 3216 si
808 3160 976 3216 Christiana
1004 3160 1109 3232 religio
1140 3164 1299 3232 pateretur,
1322 3161 1399 3216 siout

343 3250 489 3322 quondam
504 3250 662 3322 putabatur
677 3249 807 3306 animam
815 3250 978 3322 Euphorbii
988 3250 1020 3306 in
1036 3251 1233 3324 Pythagoram
1249 3249 1397 3315 nonense,

344 3340 387 3395 sie
409 3344 506 3410 posset
537 3337 597 3395 diei
619 3339 748 3396 animam
771 3339 846 3394 Julii
870 3339 995 3396 casaris
1017 3340 1048 3396 in
1077 3340 1168 3396 istum
1197 3357 1296 3412 regem
1320 3343 1398 3394 tran·

344 3447 423 3485 sisse.

388 3518 453 3573 Hoc
475 3535 553 3572 anno
575 3518 654 3590 apud
670 3507 915 3574 Finohamstede²
928 3518 960 3572 iu
977 3507 1173 3574 Barooohira³
1188 3520 1254 3574 fons
1277 3518 1397 3591 qnidam

343 3608 424 3664 visus
446 3612 491 3662 est
521 3608 696 3678 sanguinem
717 3607 839 3662 ebullire
870 3625 923 3679 per
945 3625 992 3663 xv.
1017 3608 1088 3676 dies,
1112 3613 1142 3664 et
1165 3610 1271 3664 eaelum
1301 3609 1398 3664 visum

343 3703 388 3753 eat
418 3715 471 3770 per
503 3701 596 3752 totam
630 3701 747 3752 noctem
777 3696 884 3752 ardere.
947 3697 1012 3753 Hoo
1044 3699 1131 3754 etiam
1168 3717 1245 3754 anno
1276 3698 1398 3754 comites

344 3786 465 3843 Caenina
487 3791 517 3841 et
541 3786 678 3858 Salopiae,
702 3785 792 3856 Hugo
825 3791 856 3842 et
889 3786 989 3857 Hugo,
1013 3787 1143 3844 Moniam
1178 3787 1307 3844 insulam
1331 3806 1397 3860 qua

344 3876 502 3946 Angleseia
524 3874 634 3930 dieitur
663 3881 812 3946 oeperunt,
838 3875 996 3932 Wallenses
1028 3877 1058 3931 in
1090 3877 1191 3934 eadem
1214 3876 1396 3944 occiderunt,

344 3965 501 4021 nonnullos
523 3964 644 4020 abscisis
665 3963 810 4023 testiculis
832 3973 1061 4022 excaecaverunt.
1103 3967 1187 4024 Inter
1208 3985 1280 4039 quos
1304 3985 1397 4039 quen·

343 4055 411 4110 dam
433 4054 634 4127 presbytorum
658 4052 775 4110 nomine
797 4054 967 4110 Kanredum
991 4055 1027 4110 de
1049 4056 1172 4112 ecelesia
1195 4061 1395 4120 extraxerunt,

345 4143 392 4199 oui
425 4161 516 4199 unum
549 4144 667 4199 eonium
699 4148 849 4209 eruerunt,
889 4145 1021 4216 linguam
1055 4149 1086 4200 et
1119 4146 1270 4202 testiculos
1304 4145 1396 4201 absai·

344 4232 460 4299 derunt,
492 4237 537 4288 set
570 4232 658 4288 tertio
696 4237 762 4305 post
795 4233 860 4288 haee
890 4232 939 4289 die
973 4233 1089 4306 loquela
1118 4233 1175 4289 sibi
1206 4233 1322 4289 reddita
1352 4239 1398 4289 est

345 4322 526 4378 miraculose.
587 4321 651 4390 Quo
688 4323 720 4376 in
757 4327 888 4394 tempore
926 4321 1052 4394 Magnus
1089 4321 1308 4394 Noriganorum
1346 4339 1400 4377 rex

346 4410 431 4468 Olavi
453 4411 532 4468 iilius
553 4417 702 4484 assumpto
725 4430 823 4468 seeum
846 4411 977 4468 Haraldo
999 4411 1147 4485 quondam
1170 4411 1249 4483 ragis
1272 4411 1400 4468 Hsraldi

348 4500 409 4557 filio
442 4501 569 4558 Oreades
599 4507 630 4557 et
661 4492 796 4558 Mouiaa⁴
818 4501 929 4558 insulas
952 4499 1129 4573 subjugavit.
1175 4500 1251 4556 Inde
1282 4501 1321 4556 ad
1354 4499 1397 4556 iu·

387 4772 397 4806 ¹
413 4771 541 4832 aetam,
551 4769 632 4836 Higd,
935 4772 946 4806 ⁸
965 4771 1118 4833 Borkadire,
1129 4770 1209 4839 ngd.

384 4851 394 4884 ²
414 4849 645 4916 sacramen,
656 4849 739 4916 llissd.
936 4850 947 4884 ⁴
966 4849 1114 4914 Menariae,
1125 4849 1203 4917 Higu.
