3625 5784
575 891 845 942 urrorsrrnrsrs
869 891 1082 942 onronroon
1316 883 1359 946 33

307 1089 326 1114 “
350 1089 590 1162 interpretatione
613 1090 703 1148 lenire
726 1091 876 1148 deberetis.
922 1089 1079 1147 Praedonee
1093 1089 1207 1147 vietum
1228 1094 1359 1147 restrmn

307 1179 325 1204 ‘⁶
351 1180 540 1247 sustulerunt,
565 1180 643 1253 qnod
664 1199 719 1252 ego
742 1181 817 1236 ferre
832 1199 892 1237 non
915 1181 1016 1238 velens
1038 1180 1148 1236 bellum
1170 1179 1358 1252 predonibus

308 1270 326 1294 “
349 1269 453 1325 indixi.
500 1269 576 1326 (lum
598 1269 691 1342 igitur
713 1269 808 1327 omnis
839 1274 923 1326 sotus
944 1271 1091 1326 humanus
1128 1269 1288 1326 seeundum
1310 1268 1358 1324 in-

307 1358 511 1416 “tentionem
549 1359 663 1431 egentis
711 1359 815 1416 debeat
858 1358 970 1428 librari,
1009 1358 1167 1416 seeundum
1201 1358 1285 1425 illud,
1325 1357 1358 1414 Si

308 1447 327 1473 '‘
351 1449 452 1504 oculus
474 1448 564 1504 suerit
586 1449 718 1522 simplex,
742 1449 774 1506 id
795 1455 850 1516 est,
874 1449 1001 1506 intentio
1023 1454 1112 1516 reete,
1135 1452 1232 1504 totum
1253 1464 1358 1520 eorpus

308 1537 327 1563 “
352 1543 436 1594 tuum
474 1539 604 1595 lucidum
641 1544 696 1606 est,
728 1539 759 1595 id
797 1544 851 1605 est,
883 1538 1034 1611 congeries
1069 1538 1227 1595 notionum.
1287 1537 1358 1593 Feri

215 1669 221 1682 .
276 1669 283 1688 .
308 1627 327 1652 ‘⁶
351 1627 508 1699 eliquendo
542 1629 754 1702 eleemosynam
788 1627 920 1702 pauperi,
959 1627 1010 1684 ille
1047 1627 1221 1684 beneficium
1257 1643 1358 1682 meum

308 1716 327 1742 ‘¹
351 1717 483 1789 praedoni
505 1718 643 1786 ostendit,
666 1717 744 1774 unde
776 1717 838 1790 ipse
872 1723 902 1773 et
933 1717 1074 1789 spoliatus
1096 1721 1141 1773 est
1175 1721 1206 1772 et
1237 1715 1357 1772 oooisue.

307 1805 325 1832 “
350 1795 455 1862 Num1
478 1824 533 1879 ego
547 1825 584 1863 ex
598 1808 653 1863 hoo
669 1807 831 1880 culpandus
853 1823 920 1862 sum
943 1807 1013 1880 quie
1026 1807 1180 1882 peregrino
1195 1805 1263 1862 dedi
1277 1805 1356 1862 uude

306 1895 325 1920 “
349 1895 410 1968 ipse
432 1903 556 1953 mortem
578 1897 728 1954 incurrit?
770 1895 868 1964 Absit,
892 1895 963 1968 quis
984 1896 1113 1969 profesto
1135 1895 1260 1952 evidites
1281 1913 1358 1968 prae-

306 1983 325 2010 “
347 1985 456 2042 donum
479 1985 517 2042 ed
539 1987 595 2042 hoo
617 1987 745 2058 impulit,
769 2005 829 2042 non
852 2003 918 2042 mee
940 1985 1107 2042 liberalite-s.
1154 1985 1204 2042 sie
1225 1989 1257 2041 et
1279 1983 1358 2057 epud

306 2074 325 2101 ‘¹
349 2075 428 2146 leges
450 2093 542 2132 unum
564 2075 700 2148 idemque
732 2076 844 2132 foetum
877 2075 991 2132 diverso
1022 2079 1155 2148 respectu
1184 2073 1307 2147 punitur
1328 2079 1359 2130 et

307 2164 325 2190 ‘¹
350 2165 493 2222 laudetur.
538 2165 616 2224 Nem
639 2165 762 2238 punitur
799 2166 873 2222 letro
896 2165 1031 2222 oooidens
1053 2165 1085 2220 in
1107 2165 1234 2231 occultu,
1257 2163 1356 2221 leude·

306 2252 399 2309 “tur
421 2253 507 2310 miles
544 2259 675 2312 sternens
712 2255 826 2312 hostem
864 2253 896 2309 in
933 2255 1031 2322 bello;
1055 2253 1125 2326 quie
1161 2255 1273 2327 primus
1303 2270 1358 2326 pro

307 2342 326 2370 ‘⁶
349 2343 499 2410 ariditate,
538 2345 682 2402 secundus
718 2363 773 2418 pro
810 2344 904 2401 solute
942 2343 1047 2416 pstrire
1082 2343 1199 2401 oooidit.
1267 2344 1357 2410 Item,

308 2432 327 2458 ‘⁸
351 2433 487 2490 laudatus
508 2439 553 2490 est
575 2433 733 2507 eliquendo
766 2451 842 2507 pepe
874 2432 1023 2496 Adrianus
1056 2434 1169 2506 primus
1190 2433 1269 2506 quod
1290 2450 1358 2490 oon·

309 2520 327 2546 ‘¹
352 2528 476 2578 desseret
497 2524 607 2580 Kerolo
641 2524 830 2580 investitores
861 2523 1068 2596 protutorem:
1091 2523 1251 2579 laudentur
1271 2522 1359 2580 modo

309 2610 329 2637 “
352 2613 445 2668 nostri
482 2614 621 2685 presules
658 2613 737 2686 quod
774 2614 954 2670 eontrarium
991 2611 1105 2670 fsoiunt
1141 2613 1304 2670 auferentes
1341 2629 1360 2667 s

310 2701 328 2726 ‘⁴
353 2701 533 2774 principibus
555 2703 644 2760 telem
659 2707 841 2775 potestatem.
886 2703 970 2759 'luno
1006 2702 1220 2760 rationabiliter
1241 2705 1360 2775 propter

309 2789 328 2816 “
349 2790 461 2864 sliquos
499 2809 598 2848 censes
636 2792 824 2850 subsistentes
868 2809 1037 2850 domomum
1069 2796 1115 2848 est
1151 2791 1230 2864 quod
1273 2789 1360 2847 modo

309 2880 564 2938 “rationabiliter
611 2887 751 2955 negatum
797 2887 851 2950 est,
889 2883 959 2955 quie
995 2888 1067 2938 tuno
1103 2879 1220 2937 enimus
1257 2878 1361 2936 Ksroli

309 2970 328 2996 ‘⁸
351 2969 491 3027 aviditate
512 2989 573 3028 non
603 2977 666 3028 eret
697 2973 834 3039 infestus,
857 2977 888 3028 et
919 2971 1001 3028 sedes
1032 2969 1192 3044 spostolios
1222 2969 1259 3025 ob
1288 2967 1362 3040 ipsis

308 3059 329 3084 “
353 3048 490 3115 oleriois²
512 3065 624 3117 remote
644 3067 716 3129 eret,
740 3067 770 3117 et
799 3060 886 3133 juxte
907 3066 970 3117 eret
992 3061 1126 3132 prinoeps
1149 3057 1200 3132 qui
1233 3057 1278 3113 nil
1308 3073 1362 3130 per

310 3149 328 3174 ‘⁴
351 3148 505 3206 steritem
526 3150 703 3222 disponeret,
725 3149 777 3206 sed
808 3151 893 3207 modo
924 3149 1052 3206 embitus
1073 3149 1240 3222 prinoipum
1262 3146 1363 3204 omnio

309 3237 329 3264 ‘⁶
352 3239 452 3295 foedet.
497 3241 559 3296 Isto
582 3240 669 3296 modo
691 3245 787 3312 potest
808 3257 895 3297 oense
931 3257 997 3296 mee
1018 3239 1051 3295 in
1072 3243 1227 3312 utromque
1248 3242 1362 3311 purtem

310 3327 329 3353 “
352 3327 441 3396 flecti,
464 3329 607 3386 infirmari
637 3330 686 3386 vel
720 3329 860 3386 alleviari.
907 3329 966 3387 Sed
999 3328 1108 3396 dicitis,
1131 3329 1201 3386 Non
1222 3333 1268 3384 est
1300 3328 1361 3400 epi·

310 3417 329 3442 “
354 3419 434 3491 soopi
472 3418 599 3474 officium
636 3423 672 3474 ut
709 3418 883 3491 sanguinem
921 3418 1027 3475 fundet
1063 3423 1116 3475 sut
1153 3418 1238 3474 fundi
1262 3418 1359 3476 fseist.

312 3506 329 3532 “
354 3506 495 3564 concedo.
542 3509 661 3582 Spectet
675 3513 774 3565 temen
789 3509 827 3566 ed
847 3527 917 3565 eum
937 3516 973 3564 ut
994 3509 1020 3564 ei
1042 3508 1142 3566 videet
1163 3506 1362 3565 innooeutiem

312 3596 330 3622 ‘⁶
355 3598 523 3669 neufregeri
545 3603 576 3654 et
607 3598 711 3669 lingue
744 3604 775 3655 et
807 3617 898 3656 menn
932 3603 1073 3655 oeourrst.
1114 3597 1192 3655 Nom
1226 3596 1362 3654 Ezechiel

312 3685 331 3711 “
354 3692 470 3743 eueuset
492 3689 653 3743 secerdotes
685 3689 763 3760 quod
793 3706 853 3744 non
880 3687 1016 3744 steterint
1040 3706 1076 3744 ex
1099 3687 1230 3754 sdverso,
1253 3704 1308 3744 neo
1330 3703 1362 3744 ss

311 3774 330 3800 “
351 3777 475 3833 fecerint
497 3794 614 3832 murum
646 3794 699 3850 pro
731 3777 816 3834 domo
849 3777 969 3834 domini.
1024 3779 1097 3834 Duae
1128 3782 1198 3833 sunt
1231 3794 1362 3849 pereonae

312 3864 331 3890 “
354 3865 386 3921 in
409 3866 531 3922 ecelesia
554 3866 601 3922 dei
631 3866 668 3922 ed
701 3867 891 3923 resedendum
913 3867 988 3925 vitis
1013 3868 1191 3934 eonstitutae,
1215 3884 1274 3923 une
1296 3884 1363 3940 ques

311 3955 329 3979 “
353 3955 432 4011 uouit
454 3956 612 4027 eloquium,
636 3955 694 4012 elie
716 3973 781 4028 quae
804 3961 902 4029 portet
933 3955 1070 4028 gladium.
1126 3957 1191 4027 Ego
1212 3960 1286 4012 teste
1309 3956 1364 4012 deo

310 4041 328 4068 “
351 4049 381 4100 et
403 4044 485 4102 vobis
516 4045 628 4102 ermari
659 4044 791 4118 linguam
814 4051 916 4102 ooutm
945 4047 1043 4104 hostes
1072 4045 1201 4103 eoelesiae
1223 4044 1364 4118 quemdiu

312 4133 330 4159 “
354 4133 491 4206 proficere
522 4133 615 4208 potui,
640 4134 725 4190 illum
762 4140 860 4192 eutem
894 4134 978 4207 cujus
1010 4137 1132 4192 interest
1165 4135 1263 4206 gladio
1300 4152 1364 4191 rsm

313 4221 331 4246 ‘⁸
356 4239 442 4295 egere
463 4242 515 4296 per
537 4224 660 4280 nuncios
694 4230 724 4280 et
755 4225 891 4298 epistolas
923 4225 1084 4282 oertioreri.
1131 4225 1192 4280 Iste
1214 4223 1365 4296 rescripsit

313 4312 331 4336 “
356 4330 386 4369 se
408 4313 470 4371 iore
492 4320 665 4386 oooupetum
688 4313 763 4370 bello
786 4315 967 4382 wandalico,
983 4331 1090 4385 regens
1105 4318 1140 4368 ut
1161 4311 1235 4367 meis
1256 4311 1364 4368 lebori-

262 4439 264 4444 ·
313 4400 332 4426 ‘⁸
355 4402 410 4458 bus
432 4408 463 4459 et
484 4403 545 4458 suis
577 4403 742 4476 sumptibus
773 4403 900 4460 latrones
934 4403 1125 4460 doturburem.
1172 4400 1249 4471 Quid
1271 4399 1365 4471 igitur

314 4489 332 4515 ‘⁸
356 4495 427 4548 tuno
464 4493 588 4550 fenerem
626 4511 693 4548 oum
730 4491 792 4566 ipse
830 4493 862 4550 in
896 4512 944 4550 me
980 4491 1149 4549 refunderet
1169 4494 1268 4562 portes
1297 4505 1364 4546 sues

344 4739 352 4773 ¹
369 4737 449 4802 Num,
471 4741 515 4802 A„
536 4741 583 4792 but
605 4739 663 4791 MS.
684 4739 745 4803 only
766 4751 817 4790 seo.
898 4735 1063 4802 ⁹eleotis,A.
1077 4738 1130 4789 ond
1141 4735 1220 4805 fligi.

309 4835 374 4870 men.

297 4919 340 5076 Η
399 4951 414 4987 0
448 4939 539 4990 oren.
1218 4929 1239 4976 0
