3625 5784
600 903 871 959 memmimus
893 903 1108 957 oaaorucou.
1322 890 1387 957 443

737 1160 999 1249 mm

333 1326 482 1480 Nunc
504 1329 674 1396 sciendum
697 1332 748 1395 est
771 1329 859 1415 quod
881 1328 946 1395 iste
968 1326 1152 1395 Edwardus
1172 1328 1213 1394 de
1236 1326 1381 1415 Wynde-
1397 1332 1551 1387 eorumden

438 1454 535 1497 soure
550 1433 670 1499 te1tius
685 1454 706 1496 a
720 1436 902 1518 conquestu
917 1436 1091 1498 coronatus
1107 1438 1158 1497 est
1172 1433 1262 1519 apud
1278 1431 1383 1497 West
1396 1402 1546 1522 ΨΜ

332 1535 569 1599 monasterium
600 1534 766 1603 dominice
795 1536 949 1622 proxima
975 1539 1053 1601 ante
1078 1535 1202 1601 festum
1227 1535 1384 1601 Purifica-

333 1636 435 1701 tionis
479 1636 587 1702 beatae
625 1636 742 1701 Marias
786 1637 894 1724 pridie
932 1637 1093 1703 kalendae
1131 1636 1312 1714 Februarii,
1351 1640 1386 1701 et

333 1737 579 1803 londonienses
611 1743 712 1824 atque
749 1742 921 1827 magnates
959 1744 1077 1805 mutuo
1114 1738 1316 1825 juraverunt
1353 1742 1388 1802 et

333 1839 485 1906 fecerunt
516 1841 726 1906 securitatem
760 1841 849 1926 quod
874 1845 997 1933 'mutuo
1027 1841 1182 1906 foverent
1204 1845 1238 1905 et
1261 1843 1387 1905 austen-

332 1947 446 2008 tarent
482 1965 592 2030 regem
631 1948 666 2008 et
703 1943 853 2031 reginam
891 1948 1032 2007 matrem
1071 1964 1163 2007 suam
1206 1942 1387 2007 secundum

333 2049 442 2111 totum
464 2066 562 2111 suum
586 2066 687 2133 posse.
735 2045 777 2110 In
799 2067 865 2131 quo
889 2046 960 2111 loco
982 2046 1164 2111 videndum
1180 2050 1230 2111 eat
1245 2046 1389 2132 qualiter

332 2146 498 2212 claudicat
542 2146 721 2213 Oistrenais
766 2146 878 2212 dicens
925 2169 1034 2234 regem
1082 2148 1284 2213 Edwardum
1334 2148 1388 2213 die

334 2248 579 2314 Purificationis
609 2249 679 2313 fore
710 2255 912 2314 coronatum.
970 2249 1208 2315 Verumtamen
1235 2251 1389 2316 chronica

334 2350 695 2415 westmonasteriensis
727 2350 810 2415 dicit
842 2373 918 2415 eum
952 2357 1146 2417 coronatum
1181 2353 1216 2416 in
1242 2352 1387 2417 Conver-

334 2453 426 2517 sione
448 2452 555 2517 sancti
578 2451 674 2516 Pauli
697 2452 822 2517 scilieet
845 2453 914 2537 viij.
947 2452 1165 2518 kalendarum
1196 2452 1388 2532 Februarii;

334 2556 445 2640 sicque
468 2555 541 2620 ista
563 2559 632 2619 tres
654 2555 816 2620 chronicae
839 2555 985 2619 interae
1008 2556 1150 2620 venant.
1195 2554 1260 2620 Sed
1277 2559 1387 2641 potest

310 2656 421 2721 ‘forte
452 2655 517 2721 dici
547 2655 635 2741 quod
666 2656 818 2720 dominus
848 2654 1034 2719 Willelmus
1065 2655 1210 2721 Trussell
1241 2656 1387 2720 reddidit
1399 2674 1523 2738 Queseon

333 2778 465 2823 sursum
496 2757 686 2843 homagium
710 2757 745 2820 in
772 2756 985 2821 conversione
1008 2758 1113 2822 sancti
1137 2756 1232 2821 Pauli
1255 2779 1297 2822 ex
1320 2743 1541 2873 q¹¹⁰dl3u0lllrl0

328 2859 386 2945 jus
416 2860 510 2946 regni
535 2860 650 2924 statim
676 2858 790 2923 eodem
820 2858 875 2922 die
905 2857 1097 2923 devolutum
1128 2871 1179 2923 eet
1210 2859 1253 2923 od
1284 2860 1386 2924 istum
1398 2875 1554 2927 romanino.

335 2962 538 3026 Edwardnm
570 2974 690 3049 regem,
713 2965 748 3025 et
773 2959 859 3024 forte
891 2960 999 3046 pridie
1030 2960 1190 3025 kalendae
1213 2959 1387 3025 Februarii

336 3054 520 3145 oororiatus,
551 3063 608 3127 sed
643 3062 697 3127 die
728 3060 973 3126 Purificationis
1004 3062 1194 3127 solemnitas
1225 3062 1390 3128 celebrate

167 3170 315 3235 Tvrmol·
337 3170 398 3230 est.
443 3165 536 3230 Tunc
567 3164 668 3251 Hugo
698 3162 917 3250 Dispensator
946 3162 1034 3227 filius
1066 3164 1220 3250 Hngonis
1245 3165 1389 3251 junioris

136 3240 1389 3353 'fflfflmfflmfflfflmm

338 3367 491 3455 Hugonis
513 3364 651 3454 patrui²
680 3367 733 3431 sui
755 3370 919 3443 tenuerat,
942 3371 977 3430 et
1010 3366 1102 3432 misit
1125 3390 1160 3432 se
1186 3368 1222 3431 in
1249 3369 1391 3453 gratiam

337 3470 444 3557 regis3
475 3470 533 3556 qui
563 3470 594 3534 ei
627 3467 789 3535 concessit
818 3468 925 3531 vitam
957 3473 991 3533 et
1020 3468 1175 3535 membra.
1222 3469 1392 3536 Abbethie

338 3570 402 3637 de³
423 3572 615 3658 Ahyndon⁴
637 3571 779 3658 spoliata
801 3576 852 3635 est
874 3591 895 3634 a
918 3569 1045 3635 civibus
1069 3570 1215 3655 ejusdem
1239 3571 1337 3637 villae.

167 3676 311 3738 cinnamis,
384 3672 447 3739 rt‘
478 3683 538 3738 cito
560 3680 705 3753 posthoc
738 3679 780 3751 iij.
817 3698 909 3756 nonas
942 3678 1053 3753 Aprilis
1085 3682 1244 3739 translatus
1274 3688 1318 3739 eat
1340 3702 1391 3741 rex

166 3744 185 3796 l.
198 3750 221 3797 7.
232 3762 255 3795 c.
268 3748 308 3797 44.

167 3835 246 3901 Higd.
258 3833 301 3885 viii

167 3906 290 3953 amre.

339 3773 477 3845 antiquus
506 3772 543 3827 de
573 3771 766 3827 Kenelworth
795 3787 889 3841 nsque
914 3774 1044 3825 oestrum
1076 3770 1112 3827 de
1137 3770 1305 3846 Berkeleye‚
1337 3774 1390 3829 ubi

340 3866 439 3918 nmen
470 3878 538 3918 cum
569 3861 657 3915 multi
689 3858 891 3933 conspirarent
924 3860 964 3914 ed
990 3858 1054 3931 ejus
1077 3859 1289 3929 liberationem,
1313 3864 1391 3919 eirea

338 3951 447 4009 renum
478 3950 557 4007 beuti
583 3949 720 4005 Matthaei
752 3947 943 4020 evangelistae
975 3966 1043 4003 eum
1075 3966 1148 4005 veru
1178 3950 1274 4021 ignito
1311 3952 1390 4009 inter

337 4040 457 4097 celanda
472 4040 621 4097 confossus
642 4027 776 4096 nefarie⁶
797 4042 965 4110 peremptus
988 4027 1055 4093 est.⁷
1103 4039 1148 4095 De
1171 4037 1254 4111 cujus
1276 4038 1389 4097 meritis

341 4198 410 4207 -—
726 4192 921 4201 ——n——n-
939 4194 972 4200 —.

368 4282 375 4314 ¹
394 4282 476 4332 'lhcre
486 4279 507 4330 ia
516 4294 553 4330 no
568 4279 640 4329 mark
651 4276 680 4329 of
697 4294 714 4329 a
730 4278 836 4340 chapter
920 4273 931 4306 ²
943 4275 1044 4339 patrui,
1055 4276 1105 4337 Aa
1119 4276 1201 4341 parri,
1212 4276 1271 4329 MS.

334 4369 428 4426 except
455 4361 491 4425 by
512 4360 556 4411 the
583 4358 657 4409 usual
679 4356 836 4407 ffluminrted
921 4355 931 4388 ³
947 4356 993 4422 de]
1007 4356 1073 4407 from
1086 4357 1138 4418 A.;
1156 4373 1206 4409 om.
1217 4360 1274 4412 MS.

333 4440 423 4499 initiat,
434 4438 518 4491 which
536 4438 564 4487 in
576 4439 610 4489 Δ.
623 4445 649 4487 ct
668 4436 724 4487 llrst
742 4450 793 4485 war
804 4436 835 4494 T,
921 4436 932 4467 ⁴
948 4434 1085 4500 Alyndon,
1097 4438 1131 4487 A.
1142 4458 1149 4497 3
1167 4438 1307 4504 Abinqten,
1319 4442 1373 4493 MS.

334 4523 381 4573 hut
392 4520 439 4569 hee
449 4519 513 4569 been
529 4516 659 4567 corrected
676 4513 731 4565 into
743 4516 777 4564 N.
811 4514 836 4563 It
921 4516 932 4547 ⁶
948 4513 988 4563 El
998 4514 1049 4565 cilo
1057 4520 1116 4578 port
1126 4512 1187 4581 hoe]
1202 4532 1252 4568 om.
1265 4516 1341 4585 Higd.

334 4601 428 4651 willbc
440 4613 500 4649 seen
511 4597 568 4647 that
587 4594 609 4646 ie
628 4610 656 4644 as
673 4593 700 4644 in
719 4594 764 4644 the
780 4593 837 4643 first
922 4592 933 4625 ⁶
950 4593 1122 4659 ipaomr'niore,
1133 4592 1212 4662 Higd.

334 4686 384 4729 two
401 4677 493 4735 books,
504 4675 577 4726 there
596 4688 662 4723 were
675 4676 707 4723 16
717 4671 836 4735 chaptere
921 4670 932 4711 ἲ
949 4670 1018 4723 Here
1034 4686 1068 4723 on
1079 4673 1185 4741 ,margin
1206 4674 1235 4727 of
1244 4677 1279 4727 Δ.
1298 4678 1391 4745 onlyie

334 4758 442 4807 marked
452 4758 486 4821 by
494 4752 641 4807 themitlele
652 4752 681 4804 oi
691 4752 736 4805 the
744 4750 836 4812 writer,
889 4748 1039 4803 Edwardur
1050 4752 1175 4805 sccundus
1185 4754 1308 4807 occuluit.

335 4852 365 4887 so
375 4835 396 4886 it
406 4835 428 4887 ie
439 4834 467 4887 in
477 4833 530 4886 thir
540 4833 610 4885 book
621 4833 685 4886 also.
784 4867 796 4905 ι.
