3625 5784
630 927 902 978 umcmrnsssm
924 925 1138 976 csnomoos.
1366 909 1409 972 43

357 1119 492 1176 cultellus
522 1117 560 1175 de
593 1136 684 1174 monn
716 1123 858 1175 matronas
893 1118 1008 1186 cecidit,
1029 1119 1130 1174 vultus
1162 1117 1316 1189 expalluit,
1339 1135 1408 1190 pro·

356 1209 500 1282 ductoque
514 1209 630 1280 gemitu
645 1226 711 1264 cnm
727 1208 861 1280 suspirio,
877 1209 896 1234 “
910 1199 1034 1272 Hodie,''
1056 1207 1164 1278 inquit,
1182 1209 1202 1233 ‘⁴
1215 1207 1253 1262 sd
1268 1207 1407 1263 ultimum

357 1297 373 1324 ‘¹
397 1299 506 1354 sulcum
523 1315 623 1354 meum
638 1298 757 1354 devenit
770 1287 926 1354 sistrum.”
965 1297 1029 1366 Quo
1044 1296 1133 1363 dicto,
1149 1296 1274 1353 nuncius
1292 1297 1407 1354 iubens

356 1387 505 1444 intimavit
527 1391 670 1444 mutronae
693 1386 748 1442 lilii
771 1388 817 1442 sui
840 1387 953 1443 obitum
975 1391 1005 1442 et
1027 1385 1119 1441 totius
1141 1384 1262 1441 familias
1285 1402 1345 1442 sule
1370 1403 1406 1442 ex

355 1477 441 1532 ruins
474 1477 636 1533 interitum.
691 1476 826 1532 Foeminn
858 1475 958 1532 stetim
993 1475 1141 1541 decubuit,
1172 1479 1205 1530 et
1235 1476 1406 1547 superstites

356 1582 427 1637 quos
448 1565 553 1621 hebuit
574 1566 680 1622 liberos
702 1565 877 1621 monachum
900 1569 931 1621 et
952 1564 1125 1621 monscbnm
1147 1564 1312 1630 advocavit,
1333 1582 1405 1637 quos

357 1655 545 1711 advenientes
566 1655 609 1710 sie
629 1654 837 1726 olloqnitnrz‘
840 1655 923 1724 ‘Ego
945 1654 1031 1709 melre
1053 1654 1125 1708 ortis
1147 1653 1264 1709 stritus
1278 1671 1405 1724 nequem

358 1743 537 1800 “sectatrix
567 1762 642 1800 vene
677 1743 788 1798 credidi
826 1743 932 1800 restris
969 1741 1149 1798 orationibus
1183 1743 1286 1808 tutori,
1318 1743 1405 1798 modo

357 1834 376 1860 “
401 1838 500 1888 temen
521 1851 593 1904 rogo
616 1838 650 1888 ut
671 1832 814 1889 allevietis
836 1837 993 1898 tormento,
1018 1833 1087 1903 quis
1110 1832 1145 1887 ds
1167 1833 1266 1887 enims
1291 1832 1405 1935 prolate

357 1921 374 1946 “
398 1927 442 1977 est
464 1922 629 1989 sententio3
653 1939 758 1994 corpus
780 1939 879 1978 meum
902 1921 1001 1977 forssn
1024 1920 1176 1977 servabitis
1209 1921 1340 1977 insutum
1372 1921 1404 1976 in

357 2012 375 2037 “
400 2011 477 2066 corio
500 2012 626 2080 cernuo,
650 2011 727 2083 quod
744 2010 775 2065 in
799 2011 975 2082 sarcophago
998 2010 1112 2082 lapideo
1128 2000 1303 2082 suppinete¹
1320 2029 1405 2084 oper·

358 2101 375 2126 “
400 2101 499 2156 culum
521 2099 641 2172 plumbo
663 2104 694 2156 et
726 2100 802 2155 lsrro
837 2100 1019 2170 glutinatum
1043 2099 1138 2154 tribus
1162 2101 1272 2156 cetenis
1303 2101 1406 2156 feneis

357 2189 376 2214 “
400 2187 603 2260 constringite,
638 2188 823 2260 psalmicines
858 2189 893 2244 xl
931 2188 1066 2244 noctibus
1102 2188 1248 2256 adhibete,
1281 2188 1405 2244 totidem

358 2279 376 2304 ‘⁸
400 2279 503 2333 misses
526 2295 577 2350 per
599 2277 677 2333 diem
700 2277 823 2344 solvite;
857 2277 935 2350 qnod
958 2278 985 2333 si
1010 2277 1104 2332 tribus
1136 2278 1270 2334 noctibus
1298 2277 1340 2334 sic
1361 2277 1405 2349 je·

357 2368 377 2392 ‘⁸
401 2355 512 2434 ιιιιοιο,2
538 2371 642 2439 quarto
676 2365 724 2422 die
756 2366 879 2422 infodite
911 2382 1016 2439 corpus
1053 2384 1152 2422 meum
1184 2358 1301 2423 humo.''
1347 2367 1407 2423 Sed

356 2455 485 2522 frustra,
521 2473 590 2511 nem
622 2454 734 2510 duobus
770 2455 874 2528 primis
905 2454 1040 2511 noctibus
1077 2455 1198 2528 psalmis
1235 2456 1406 2512 sonantibus

355 2545 501 2600 demones
536 2532 643 2600 ostiis8
674 2543 775 2600 sreotis
796 2544 868 2600 duos
890 2549 1034 2600 extremus
1056 2550 1174 2601 osteum
1200 2544 1258 2601 levi
1287 2545 1407 2617 negotio

356 2632 547 2705 diruperuut3
583 2633 671 2689 tertie
701 2638 788 2689 nocte
819 2638 963 2689 tremente
995 2634 1059 2690 loco
1090 2635 1168 2690 circs
1191 2635 1406 2706 gallicantum

355 2741 430 2778 unus
452 2722 538 2778 vultu
560 2721 718 2778 terribilior
747 2729 858 2778 steturc
888 2723 1063 2779 eminentior
1084 2723 1211 2796 diruptis
1232 2723 1327 2780 valvis
1349 2725 1404 2779 im·

356 2811 469 2884 pererit
499 2809 633 2867 oedovcri
655 2817 690 2866 ut
711 2817 852 2881 surgeret,
877 2829 935 2884 quo
956 2812 1150 2885 respondente
1172 2811 1249 2884 quod
1272 2813 1406 2884 nequiret

355 2919 408 2974 pro
430 2901 566 2966 vinculis,
598 2900 615 2926 ‘⁸
628 2891 783 2967 Solveris,''
810 2899 917 2972 inquit,
949 2900 1028 2973 “pro
1050 2900 1128 2956 mulo
1149 2892 1230 2966 tu0,”
1253 2906 1283 2954 et
1305 2903 1406 2956 stetim

356 2991 451 3062 ruptis
474 2991 588 3045 cunctis
611 2988 743 3045 obicibus
765 2989 974 3063 apprehensam
998 2989 1079 3043 illem
1102 2989 1139 3044 sb
1163 2989 1286 3044 ecclesis
1307 2995 1404 3046 extin-

356 3081 412 3146 hit,
428 3097 502 3151 equo
526 3079 612 3150 nigro
634 3083 702 3134 ente
725 3079 800 3134 fores
822 3077 971 3134 hinnienti
993 3077 1133 3150 inposuit,
1157 3078 1255 3150 sicque
1270 3078 1408 3134 abscessit

357 3186 424 3224 curn
447 3167 622 3223 clamoribus
637 3157 793 3223 cltisonis⁴
814 3186 867 3240 per
889 3173 1013 3238 quatuor
1035 3167 1163 3223 miliaria
1184 3165 1302 3223 cuditis.
1347 3168 1410 3224 Iste

357 3256 491 3329 quemvis
528 3257 604 3312 mire
641 3256 826 3313 incredibilis
862 3262 961 3312 temen
998 3275 1058 3312 non
1092 3255 1239 3327 judicabit
1270 3256 1322 3329 qni
1353 3257 1407 3332 iiij.

357 3345 466 3402 librum
498 3345 680 3417 dialogorum
705 3344 839 3415 Gregorii
872 3344 987 3416 legerit,
1018 3345 1069 3401 ubi
1100 3364 1227 3419 nequem
1241 3341 1243 3343 ’
1258 3347 1407 3404 hominem

358 3435 389 3491 in
411 3435 534 3492 ecclesie
557 3437 705 3507 sepultum
728 3434 874 3491 daemones
896 3433 1053 3504 ejecerunt.

401 3524 550 3580 Henricus
572 3524 678 3580 tertius
702 3524 861 3596 uliqnsndo
884 3524 1016 3579 turbevit
1038 3524 1191 3580 ecclesium
1218 3530 1320 3583 contro
1342 3526 1409 3582 Hil-

358 3613 539 3670 debrundnm
562 3631 678 3685 popum,
702 3613 804 3668 rolens
827 3613 852 3668 si
874 3618 973 3685 posset
995 3614 1087 3668 ulium
1109 3632 1215 3687 pspcm
1238 3615 1407 3684 intrudere,

358 3703 410 3758 sed
441 3702 561 3758 tandem
592 3702 761 3774 pacificatus
792 3707 900 3758 terrum
935 3707 1065 3758 sunctum
1097 3702 1171 3758 odiit
1193 3722 1259 3759 cum
1286 3703 1410 3772 duobus,

359 3783 525 3846 Godfrido⁵
547 3797 577 3846 et
593 3791 795 3856 Beuumundo,
812 3791 848 3846 de
872 3790 978 3862 quibus
1000 3791 1123 3847 inferius
1142 3810 1195 3848 suo
1210 3793 1273 3848 loeo
1288 3792 1410 3852 dicetur.

357 3879 529 3936 [laudabilis
551 3897 648 3936 comes
678 3880 827 3936 Leofricus
849 3879 929 3936 filius
956 3880 1106 3954 Icolwyni
1129 3881 1213 3937 ducis
1233 3881 1411 3939 Mereiorum

355 3969 388 4024 in
412 3969 484 4026 villu
507 3986 560 4024 suu
582 3969 618 4024 de
641 3968 835 4042 Bromeleygh
858 3968 889 4040 ij.
915 3970 1106 4026 kulenderum
1137 3971 1304 4026 Decembris
1326 3971 1410 4038 obiit,

355 4063 386 4113 ot
409 4059 487 4130 opud
515 4057 740 4113 Conventrsicm
763 4059 794 4112 in
816 4059 993 4114 monasterio
1023 4059 1101 4132 quod
1127 4059 1189 4132 ipse
1211 4064 1412 4116 construxerat

355 4151 400 4201 est
435 4147 576 4218 sepultus.
622 4147 679 4216 Qui
710 4147 867 4220 aliquunde
899 4148 1022 4204 consilio
1051 4148 1098 4204 dei
1124 4153 1155 4203 et
1184 4149 1277 4205 bestae
1308 4149 1411 4205 Muris

355 4225 510 4291 cultricis⁰
533 4235 674 4307 Godgivae
689 4236 789 4292 uxoris
810 4254 870 4292 suae
887 4236 994 4293 ditavit
1015 4242 1046 4293 et
1067 4237 1215 4309 repererit
1235 4238 1413 4293 monasterie

389 4400 397 4433 ¹
413 4403 559 4467 suppinata,
569 4403 638 4453 from
652 4403 701 4465 A,
719 4405 856 4468 suspinctr,
942 4404 953 4437 ⁴
969 4402 1096 4464 altisonis,
1111 4401 1177 4453 from
1194 4401 1228 4452 Δ.
1246 4403 1298 4453 sud
1315 4403 1411 4468 Εἰρὰς

354 4479 425 4541 Mb,
442 4480 571 4546 supinate,
583 4480 663 4548 Higd.
909 4482 1026 4545 ulcionis,
1037 4482 1094 4531 Me.

386 4555 398 4589 ²
413 4564 526 4617 tacuero,
537 4559 596 4609 MS.
941 4561 952 4593 ⁶
973 4559 1115 4623 Godfrede,
1126 4560 1161 4609 A.

386 4635 495 4699 'ostiis
518 4637 609 4688 hostiis
629 4637 715 4699 Mss,
738 4641 789 4688 sud
812 4639 856 4688 the
942 4635 1093 4698 ‘cultricis
1117 4637 1195 4703 Higd.
1246 4639 1279 4690 Ῑιι
1307 4641 1365 4694 MS.
1392 4643 1412 4695 it

355 4715 861 4781 meonhographyisinthemssof
907 4715 983 4766 lools
1006 4715 1059 4765 lile
1081 4714 1177 4768 rbl’eis.
1223 4719 1255 4768 Iu
1277 4721 1313 4770 A.
1342 4721 1363 4773 it
1389 4723 1412 4776 is

355 4792 431 4859 Higd.
908 4792 1017 4860 illegible
1027 4793 1138 4862 through
1149 4797 1193 4849 the
1208 4797 1318 4866 naming
1328 4801 1357 4851 of
1367 4801 1412 4853 the

908 4871 1073 4936 manuscript.
