3625 5784
623 909 892 957 rurossrnsnsis
916 910 1124 959 cnsourcou.
1342 896 1405 960 295

353 1102 484 1160 tionibus
499 1106 531 1160 in
553 1108 639 1163 torris
661 1114 691 1164 et
712 1108 857 1164 institutis
880 1110 1054 1165 omnimodis
1079 1112 1125 1176 (ad
1140 1128 1275 1188 corenam
1290 1110 1402 1179 regiam

353 1211 407 1248 nec
430 1192 642 1271 spectantibus)
666 1198 697 1251 in
733 1198 803 1253 locis
836 1198 1037 1269 infrascriptis,
1062 1199 1198 1343 viduli?
1221 1201 1252 1254 in
1276 1199 1398 1263 Bali010,

283 1304 287 1310 ·
352 1275 527 1354 Dampitra‚¹
544 1286 579 1339 de
594 1276 743 1351 ΗοΙοοῒθ,2
768 1288 805 1342 de
829 1279 973 1361 Homey³
996 1289 1027 1343 iu
1052 1306 1142 1359 regno
1184 1288 1300 1352 raucius,
1329 1306 1398 1343 nec-

350 1389 410 1427 non
433 1372 469 1428 de
485 1374 611 1441 bunarii,
628 1375 665 1431 do
691 1366 828 1441 Kidion,⁴
852 1378 888 1433 de
911 1369 1087 1451 Meldisley,⁵
1104 1378 1138 1433 de
1162 1378 1342 1450 Gonygham‚
1360 1378 1396 1432 de

348 1460 540 1533 Huddygton,
564 1470 594 1520 et
617 1464 649 1519 in
672 1470 765 1520 castro
799 1466 836 1521 de
867 1467 972 1523 Duude
1005 1469 1037 1522 in
1069 1486 1160 1538 regno
1196 1466 1302 1523 Scotiae
1325 1486 1391 1521 cum

347 1552 532 1620 pertinentiis
554 1554 684 1609 locorum
717 1555 847 1626 ipsorum
880 1556 1033 1623 [assidebit
1066 1555 1179 1622 eidom;
1204 1556 1246 1611 itu
1268 1556 1347 1627 quod
1369 1556 1396 1610 si

346 1639 478 1695 redditus
500 1647 530 1697 et
553 1651 712 1714 proventus
749 1645 879 1699 locorum
913 1634 1082 1715 ipsorum]⁶
1105 1645 1214 1700 dictam
1252 1663 1394 1700 summam

345 1728 403 1783 md.
431 1730 521 1786 libras
543 1734 750 1803 sterlingorum
772 1734 864 1789 annui
898 1734 1002 1790 valoris
1033 1734 1181 1799 excedent,
1222 1734 1296 1789 illud
1318 1735 1396 1805 qnod

346 1820 592 1890 superabundabit
614 1822 693 1877 ultre
714 1841 858 1878 summam
892 1823 1015 1879 eandem
1047 1825 1168 1895 praefato
1200 1826 1264 1894 regi
1288 1824 1394 1879 Sootie

346 1909 521 1983 remanebit..
562 1912 602 1965 Et
638 1912 663 1966 si
702 1911 774 1983 quid
811 1912 847 1967 do
884 1912 985 1968 eadem
1024 1930 1138 1967 summa
1175 1912 1277 1977 deerit,
1316 1913 1394 1967 idem

347 1998 484 2054 deminus
505 2018 557 2055 rex
579 2000 615 2055 de
637 1999 704 2055 aliis
735 2002 897 2057 redditibus
929 2003 990 2057 suis
1014 2002 1045 2056 iu
1068 2020 1159 2073 regno
1195 2001 1300 2057 Scotiae
1324 2019 1393 2055 con·

347 2087 458 2143 stitutis
497 2089 612 2160 integre
650 2090 784 2162 supplere
824 2096 968 2155 teneatur,
1007 2092 1053 2145 vel
1098 2091 1213 2146 easdem
1251 2090 1332 2145 millo
1370 2093 1394 2145 si

347 2178 535 2234 maluerimus
570 2179 697 2247 [necnon
729 2180 858 2234 residuas
896 2180 924 2235 d.
960 2181 1048 2235 libras
1080 2180 1242 2251 assignabit
1272 2180 1327 2234 sibi
1363 2181 1393 2233 in

346 2265 433 2321 bursa
467 2268 610 2324 incertis
644 2258 752 2337 locis]⁷
785 2270 937 2325 annuatim
968 2270 1005 2324 ud
1036 2270 1108 2325 duos
1142 2269 1212 2324 anni
1244 2268 1394 2324 terminos.

346 2357 499 2428 Ipsumque
521 2358 596 2413 bene
618 2358 794 2413 assecurabit
819 2359 855 2414 de
877 2359 1014 2413 dotalicio
1037 2358 1184 2414 antedicto
1207 2358 1339 2413 habendo
1366 2362 1396 2412 ot

344 2445 531 2517 percipiendo
553 2447 589 2503 ab
612 2465 646 2503 eo
676 2453 743 2519 post
773 2448 993 2503 matrimonium
1016 2452 1196 2503 contractum
1219 2452 1250 2503 et
1271 2452 1395 2502 mortem

345 2534 417 2589 dieti
439 2536 494 2589 filii
529 2556 615 2608 quam
648 2537 699 2591 diu
733 2539 824 2592 vitem
859 2538 975 2592 duxerit
1009 2537 1040 2590 in
1074 2535 1218 2591 humanis.
1265 2536 1395 2604 Quodsi

345 2624 417 2678 dicti
451 2626 543 2680 futuri
571 2626 708 2697 conjuges
746 2646 763 2681 a
786 2627 864 2681 dicto
886 2646 955 2697 rege
977 2628 1071 2681 velint
1093 2626 1213 2680 fortasse
1237 2624 1393 2691 discedere,

345 2712 424 2769 dicto
447 2715 580 2771 dotalitio
603 2714 635 2769 in
665 2715 727 2771 vita
750 2718 839 2771 ctiam
874 2716 953 2787 regis
975 2714 1105 2785 ejusdem
1137 2703 1308 2768 liberrime⁸
1331 2732 1393 2785 per·

345 2804 487 2858 fruantur.
533 2806 572 2859 Et
594 2806 618 2859 si
641 2822 774 2860 successu
796 2806 934 2876 temporis
961 2803 1117 2875 praedictus
1139 2822 1189 2857 rex
1214 2802 1251 2857 ad
1273 2794 1395 2857 sanesa⁰

344 2898 412 2948 rota
426 2894 550 2949 transire
571 2892 707 2959 voluerit,
729 2900 862 2949 nostrum
886 2911 973 2965 super
996 2894 1052 2947 hoc
1074 2892 1226 2947 consilium
1250 2882 1395 2963 requirere

345 2985 392 3038 vel
414 2984 627 3039 communicare
650 2984 772 3039 debebit.
809 2984 891 3037 Idem
915 3001 1029 3054 quoquo
1052 3000 1103 3036 rex
1118 3000 1197 3036 more
1217 2980 1292 3051 justi
1315 2981 1393 3051 prin-

346 3072 420 3143 cipis
441 3092 508 3127 cum
530 3092 567 3128 ex
597 3073 710 3128 fervore
740 3072 866 3143 justitiae
889 3080 953 3127 tum
976 3072 1064 3126 otiam
1087 3089 1121 3125 ex
1146 3070 1207 3125 selo
1230 3070 1394 3125 dilectionrs

348 3164 471 3218 internus
494 3180 582 3233 quam
604 3163 642 3218 ad
674 3181 737 3226 nos,
770 3163 889 3216 domurn
921 3167 1061 3225 nostram,
1095 3160 1201 3214 solium
1232 3164 1263 3214 et
1285 3158 1394 3213 incolas

347 3254 431 3322 regni
469 3254 562 3307 nostri
607 3251 712 3305 habere
756 3250 927 3315 dinoscitur,
960 3248 1107 3305 molestias
1145 3250 1251 3313 ferens,
1291 3264 1394 3319 graves

348 3340 481 3412 injurias,
505 3358 637 3396 enormes
659 3358 800 3405 excessus,
824 3340 1060 3410 impugnationes
1083 3338 1203 3393 hostiles
1225 3343 1255 3392 et
1278 3356 1394 3408 aggres-

348 3430 451 3496 siones,
468 3430 632 3500 cujusmodi
644 3420 670 3458 ¹⁰
691 3448 742 3485 rex
765 3429 883 3500 Angliae
918 3428 1026 3483 violato
1050 3426 1198 3482 fidelitatis
1221 3426 1318 3481 debite
1339 3444 1395 3497 quo

347 3520 431 3576 nobis
445 3520 600 3575 tenebatur
614 3520 762 3583 astrictus,
786 3520 818 3572 in
840 3536 903 3585 nos,
926 3518 1024 3574 fideles
1047 3517 1177 3571 subditos
1199 3521 1312 3571 nostros
1335 3522 1395 3570 tam

348 3628 399 3682 per
435 3614 542 3665 terrum
590 3626 677 3679 quam
709 3626 761 3679 per
792 3625 871 3662 mare
916 3607 1075 3662 multifarie
1107 3605 1265 3677 multisque
1302 3606 1396 3660 modis

348 3699 507 3754 ostendisse
518 3689 543 3728 ¹¹
559 3696 722 3753 dinoscitur
736 3702 766 3752 ot
781 3697 932 3752 ostendere
947 3696 1085 3751 continue
1100 3694 1208 3765 satagit
1223 3700 1253 3750 et
1268 3701 1395 3749 conatur.

288 3828 292 3835 .
348 3788 393 3843 Ac
415 3794 567 3859 propteroa
589 3792 623 3840 ut
645 3792 675 3841 et
697 3804 751 3841 nos
781 3792 811 3840 et
845 3803 1022 3841 successores
1053 3790 1166 3839 nostros
1198 3785 1253 3839 sibi
1276 3790 1306 3838 et
1337 3784 1397 3838 suis

348 3877 477 3932 strictius
499 3877 594 3931 mutui
608 3867 632 3906 ¹²
654 3875 761 3931 amoris
788 3875 890 3945 alliget
922 3874 1084 3938 affectibus,
1119 3874 1156 3929 ad
1187 3872 1397 3944 repressionem

349 3966 493 4022 salubrem
516 3965 703 4037 injuriarum,
728 3966 985 4035 impugnationum
1009 3970 1039 4017 et
1061 3962 1281 4033 aggressionum
1297 3961 1397 4032 hujus·

383 4264 390 4295 ¹
411 4265 565 4327 Beripara,
593 4262 634 4320 R„
662 4262 707 4310 but
752 4257 779 4308 in
807 4258 850 4307 the
900 4256 1018 4307 residuus
1037 4254 1076 4305 vel
1088 4256 1113 4307 d.
1134 4254 1217 4303 libras
1234 4254 1272 4301 sic
1289 4254 1400 4318 pta-cipi·

350 4343 453 4394 French
464 4341 565 4390 version
577 4340 609 4388 R.
620 4338 692 4405 gives
705 4338 850 4402 Dempitre.
901 4335 981 4384 medus
993 4335 1018 4383 ie
1032 4334 1116 4383 burcis
1128 4340 1152 4383 et
1164 4333 1253 4381 ceteris
1265 4329 1332 4381 locis.

383 4427 394 4456 ²
412 4422 555 4480 Helieoart,
568 4422 600 4468 R.
935 4412 947 4443 ⁸
963 4412 1103 4476 liberrime]
1124 4425 1172 4459 om.
1185 4412 1217 4458 R.

383 4502 395 4535 ³
410 4500 524 4560 Hernoi,
535 4500 567 4549 R.
936 4492 946 4523 ⁹
965 4490 1067 4554 structa]
1083 4489 1202 4549 secunde,
1213 4489 1244 4537 s.
1255 4489 1377 4555 wrongly.

385 4583 395 4614 ⁴
413 4580 536 4641 Kudioir,
548 4579 580 4628 R.
936 4572 956 4604 ¹⁰
973 4568 1122 4632 ertia-resedi]
1145 4568 1246 4631 quibus,
1259 4567 1289 4618 B.

386 4662 396 4693 ⁵
413 4657 570 4723 Muadesley,
580 4657 656 4708 Mss.
939 4650 956 4681 ³¹
974 4646 1123 4711 rescidisse]
1144 4644 1290 4705 offendisse,
1305 4646 1334 4696 R.

385 4740 396 4771 ⁶
413 4740 490 4789 From
501 4740 534 4789 R.
938 4728 957 4761 ¹²
973 4728 1060 4789 mutili,
1073 4728 1121 4787 Α.;
1139 4724 1219 4784 multi,
1232 4726 1285 4791 MS,

387 4824 398 4865 ⁷
416 4822 496 4879 From
507 4820 539 4871 R.
549 4836 556 4877 3
568 4817 610 4871 the
623 4814 697 4875 MSS
709 4813 773 4869 have
786 4828 854 4863 retine
