3625 5784
621 916 891 972 ssress'rasssrs
915 915 1124 970 ouaomcos.
1337 897 1401 969 157

352 1119 496 1192 episcopo,
522 1119 572 1190 qui
594 1123 693 1175 tamen
716 1118 866 1176 decentius
881 1117 983 1175 divino
998 1117 1177 1176 incubuisset
1200 1119 1292 1175 officio
1316 1135 1403 1190 quam

352 1210 433 1280 regio
465 1209 665 1265 succubuisset
696 1210 869 1275 ministerio,
902 1227 969 1266 cum
1003 1227 1089 1264 nemo
1121 1209 1213 1282 possit
1244 1209 1404 1264 secundum

353 1300 539 1370 evangelium
561 1300 679 1371 utrique
700 1299 819 1354 domino
849 1304 937 1371 prout
959 1299 1083 1370 dignum
1106 1303 1151 1354 est
1174 1298 1325 1355 deservire.
1371 1296 1404 1354 Si

353 1389 432 1444 enim
463 1388 538 1444 velit
574 1389 725 1461 episcopus
762 1394 796 1444 ιιι
828 1389 947 1460 utrique
986 1388 1094 1444 calesti
1127 1393 1158 1444 et
1190 1393 1304 1444 terreno
1340 1386 1402 1458 regi

354 1478 476 1550 placeat,
500 1478 537 1533 ad
568 1485 724 1550 utramque
756 1495 787 1533 se
820 1478 971 1534 divideret.
1018 1477 1103 1534 Oerte
1133 1495 1183 1533 rex
1206 1475 1330 1533 caelestis
1353 1475 1405 1548 qui

355 1568 410 1622 sibi
433 1569 500 1624 vult
530 1587 565 1623 ex
594 1573 658 1622 tota
683 1568 781 1622 anima
803 1567 952 1634 deserviri,
976 1566 1171 1622 ministerium
1196 1565 1321 1621 divisum
1345 1585 1404 1621 non

355 1657 506 1730 approbat,
531 1657 692 1730 quinetiam
727 1657 752 1711 si
784 1659 936 1728 episcopus
970 1675 1024 1712 nec
1047 1657 1151 1712 saltem
1175 1656 1315 1712 dimidius
1338 1673 1404 1728 ques

119 1766 123 1772 ·
183 1748 331 1811 TryscoL
356 1746 405 1801 dei
427 1752 496 1802 sunt
518 1752 686 1818 exequatur,
710 1746 761 1802 sed
782 1746 862 1802 vices
883 1764 951 1802 suas
981 1745 1112 1817 indignis
1134 1751 1164 1802 et
1186 1745 1315 1802 remissis
1338 1763 1405 1800 exe·

183 1821 259 1866 slas.

355 1837 505 1892 autoribus
535 1837 710 1903 committat,
733 1841 769 1890 ut
801 1837 863 1908 ipse
887 1842 1003 1891 terreno
1034 1836 1146 1908 palacio
1169 1836 1216 1891 vel
1238 1835 1301 1891 foro
1327 1839 1406 1890 totus

355 1925 503 1984 inserviet.
551 1926 630 1981 Nam
664 1943 716 1980 nec
747 1925 856 1980 terreni
889 1925 1031 1997 principis
1064 1925 1217 1980 ratiocinia
1251 1924 1406 1996 quisquam

355 2014 495 2070 dimidius
517 2015 692 2070 sufficienter
713 2013 907 2070 administret.
955 2015 1101 2071 Caeterum
1124 2019 1158 2069 ιιι
1181 2019 1316 2086 sumptus
1338 2032 1406 2086 pro·

357 2105 504 2177 pensiones
526 2121 627 2160 versus
649 2104 858 2177 lerosolymam
880 2123 931 2159 rex
955 2102 1011 2159 sibi
1046 2109 1223 2175 congereret,
1246 2103 1407 2176 resignavit

356 2195 420 2266 regi
432 2195 586 2250 Scotorum
597 2194 715 2250 castella
724 2194 760 2249 de
772 2193 896 2267 Berwyk
906 2183 976 2263 [et]l
989 2193 1164 2267 Rolrysburg
1175 2212 1227 2266 pro
1239 2212 1263 2248 x.
1276 2193 1407 2248 millibus

356 2285 505 2340 librarum.
545 2283 670 2339 Pcllexit
685 2283 773 2339 etiam
797 2283 986 2354 pecuniosum
1002 2283 1087 2338 illum
1103 2283 1328 2356 Dunelmcnsem
1344 2283 1406 2354 epi·

357 2391 478 2446 scopum
499 2378 670 2429 veteranum
694 2378 729 2428 ιιι
743 2391 795 2444 pro
810 2373 966 2429 innumera
987 2373 1112 2444 pecunia
1127 2374 1275 2445 propriam
1297 2375 1408 2430 emeret

358 2463 545 2535 provinciam.
568 2462 654 2519 Undc
670 2462 781 2518 solebat
795 2481 846 2518 rex
858 2460 983 2532 jocando
1000 2462 1106 2528 dicere,
1124 2464 1143 2488 ‘⁴
1155 2463 1199 2518 De
1214 2467 1329 2520 vetusto
1345 2461 1407 2534 epi-

359 2555 378 2578 “
402 2571 488 2625 scopo
502 2552 560 2607 feci
581 2551 730 2608 novicium
747 2551 894 2617 comitem,
910 2552 1004 2608 mirus
1018 2569 1072 2623 ego
1088 2542 1217 2608 artifex.”
1255 2550 1407 2608 Consimili

356 2647 423 2697 astu
437 2660 488 2698 rex
503 2642 695 2714 plurimorum
711 2643 838 2697 sacculos
853 2642 998 2707 exhausit,
1015 2629 1224 2697 distrahendo²
1247 2641 1407 2712 dignitates

357 2737 388 2786 ct
402 2732 513 2804 pradia
526 2730 608 2802 regia
622 2749 656 2786 ac
672 2731 698 2786 si
719 2732 851 2786 animum
873 2730 1015 2786 redeundi
1039 2748 1098 2786 non
1112 2730 1238 2786 baberet.
1276 2730 1407 2801 (tumque
1447 2785 1450 2792 Α

357 2830 476 2893 propter
496 2823 552 2876 hoc
573 2821 610 2876 ab
632 2821 726 2876 amico
757 2820 898 2876 familiari
920 2838 991 2876 ausu
1015 2820 1222 2892 increparetur,
1246 2819 1406 2892 respondit,

359 2912 377 2936 ‘⁸
402 2911 583 2966 Londoniam
597 2910 753 2966 venderem
775 2911 801 2965 si
824 2915 985 2982 emptorem
1008 2909 1197 2966 sufficientem
1220 2899 1407 2981 reperirem.''

357 3001 400 3056 Ito
433 3018 548 3073 quoque
579 2999 736 3071 proclivius
768 2999 905 3055 emebant
926 2999 1058 3071 plurimi
1092 3017 1148 3070 qoo
1177 3016 1228 3054 rex
1255 3016 1405 3070 nunquam

355 3088 514 3160 repatriare
536 3089 714 3146 credebatur.
760 3089 829 3161 Ipse
850 3107 955 3160 nempe
978 3107 995 3144 a
1017 3106 1130 3144 summo
1153 3087 1291 3160 pontifice
1313 3093 1407 3160 potes·

356 3184 447 3234 tatem
470 3185 621 3250 acceperat
635 3184 670 3233 ut
692 3198 711 3234 a
732 3178 839 3251 quibus
860 3179 950 3235 vellet
972 3195 1087 3234 crucem
1110 3182 1289 3250 assumptam
1312 3177 1405 3233 detra-

356 3268 426 3324 here
448 3273 554 3340 posset,
578 3268 656 3323 undo
678 3273 709 3322 et
731 3269 826 3322 multa
848 3268 989 3323 librarum
1019 3267 1102 3322 milia
1128 3267 1296 3339 adquisivit
1344 3267 1406 3323 Rex

356 3355 449 3428 igitur
472 3358 624 3413 commisso
647 3363 682 3412 at
703 3358 860 3430 putabatur
891 3357 1075 3428 negligenter
1104 3355 1189 3428 regni
1211 3357 1408 3427 gubernaculo

356 3447 504 3503 Willelmo
527 3447 660 3504 Helieusi
691 3447 825 3520 episeopo
858 3447 1086 3519 cancellarioque
1118 3463 1179 3514 suo,
1202 3451 1270 3502 anta
1302 3446 1408 3502 Natale

358 3537 469 3592 domini
500 3536 712 3593 Normanniam
746 3537 957 3592 transfretavit.
1014 3535 1077 3606 Quo
1110 3541 1240 3608 tempore
1272 3536 1409 3608 apparuit

358 3627 476 3698 signum
499 3627 594 3682 crucis
624 3627 656 3681 in
682 3626 753 3681 caelo
776 3625 853 3698 apud
877 3615 1069 3697 Ιιιιιιιιιιρὶιι.8
1113 3626 1153 3682 Et
1176 3625 1234 3681 cito
1257 3631 1323 3698 post
1344 3625 1408 3682 visa

358 3722 403 3772 cst
435 3717 530 3772 forma
562 3715 657 3772 crucis
689 3733 742 3788 per
756 3754 758 3757 -
774 3714 894 3787 aliquod
927 3714 1054 3786 spatium
1089 3714 1235 3771 avexillo
1265 3715 1406 3771 recedere.

358 3807 571 3878 interpretetur
594 3806 645 3876 qui
668 3804 790 3876 proterit
812 3804 891 3876 signi
925 3803 1103 3876 prodigium,
1127 3802 1210 3876 cujus
1233 3803 1324 3860 didici
1347 3823 1408 3860 esse

357 3896 480 3968 simplex
509 3901 642 3951 narrator
670 3912 730 3950 nou
753 3911 902 3966 praesagus
925 3893 1137 3966 interpretator.
1183 3885 1285 3950 Ιιιιιιι4
1316 3895 1409 3966 igitur

357 4003 440 4056 reges
454 3984 572 4055 Angliss
594 3991 625 4040 et
647 3984 778 4040 Francia
800 3988 867 4056 post
889 3984 1038 4039 firmatum
1062 3983 1138 4040 inter
1161 4000 1191 4039 se
1214 3982 1309 4040 sadus
1331 3983 1409 4056 apud

358 4075 555 4130 Turonensem
580 4074 685 4130 Gallia
707 4078 838 4129 testatem
862 4073 900 4128 ad
923 4063 1189 4145 proficiscendum⁵
1212 4077 1407 4144 expectarent,

357 4165 437 4220 selus
459 4163 693 4220 Christianorum
716 4163 854 4219 adversus
877 4162 995 4218 Judaeos
1019 4163 1050 4218 iu
1073 4161 1184 4234 Anglia
1208 4151 1410 4233 οοιιιιιίιιιιι,6

357 4271 416 4310 non
432 4252 549 4326 quidem
565 4252 686 4318 sincere,
702 4252 734 4309 id
749 4257 793 4308 est
807 4269 894 4308 causa
909 4252 987 4316 fidei.
1004 4252 1055 4308 sed
1070 4269 1169 4307 eoram
1184 4252 1230 4306 vel
1246 4251 1410 4306 aemulando

357 4343 527 4399 felicitatem
559 4343 607 4398 vel
638 4342 779 4398 inhiando
802 4342 938 4407 fortnnae,
963 4341 1011 4398 dei
1043 4341 1161 4412 quidem
1184 4338 1304 4411 justitia
1337 4341 1411 4395 talia

356 4434 479 4488 minima
512 4433 691 4504 approbante
713 4432 764 4488 sed
800 4432 937 4488 decenter
972 4431 1136 4494 ordinante,
1171 4433 1206 4484 ιιι
1236 4428 1293 4483 hoc
1324 4429 1410 4484 modo

387 4625 396 4657 ¹
413 4626 491 4675 From
503 4625 581 4691 lligd.
940 4623 950 4656 ὅ
967 4621 1195 4689 proficiscendum]
1217 4622 1283 4672 from
1311 4621 1409 4690 Eigd.;

385 4703 397 4736 ²
412 4702 579 4766 detrahendo,
591 4703 670 4770 lligd.
904 4697 1100 4768 proficiendum,
1111 4702 1166 4751 MS.

386 4783 397 4816 ¹
414 4783 575 4849 Dvsrzutcpul,
588 4783 666 4849 lligd.
942 4781 952 4812 ⁶
970 4780 1116 4845 respisuvv'l,
1129 4779 1207 4846 lligd.

386 4862 396 4897 ⁴
413 4861 499 4930 Dura]
518 4863 593 4925 Cum,
605 4861 693 4930 siga
