3625 5784
631 949 898 1002 turorsrarusrs
923 951 1131 1006 osnoureon.
1350 941 1413 1006 149

363 1147 419 1205 die.
452 1150 553 1207 Crucis
575 1150 745 1224 obsequium
768 1151 846 1225 quod
868 1151 980 1206 dudum
1002 1168 1053 1207 rex
1075 1152 1220 1209 Henricas
1236 1151 1266 1206 in
1282 1153 1414 1225 partibus

362 1241 566 1296 transmarinis
595 1248 766 1313 sumpserat,
798 1247 829 1297 et
858 1241 1042 1314 postmodum
1066 1261 1162 1298 eoram
1186 1243 1297 1298 duobus
1320 1243 1414 1300 curdi-

362 1329 478 1384 nalibus
512 1349 543 1385 se
580 1337 646 1400 post
668 1331 829 1386 triennium
851 1322 1098 1403 prosecuturum¹
1134 1331 1294 1403 juraverat,
1331 1334 1412 1405 lapso

363 1419 492 1475 triennio
514 1419 596 1474 misit
635 1421 759 1476 Romam
796 1421 834 1476 ad
872 1421 1074 1493 protelandum
1110 1422 1290 1479 frustratorie
1323 1421 1412 1478 fallax

364 1509 553 1581 propositum,
577 1510 631 1564 sub
664 1527 699 1566 eo
735 1515 831 1565 tamen
854 1511 950 1566 colore
984 1516 1018 1565 nt
1049 1511 1106 1565 tria
1137 1512 1313 1566 monasteria
1343 1529 1413 1567 oon·

365 1605 490 1654 strueret
520 1600 553 1653 iu
582 1598 701 1670 Anglia.
747 1599 830 1670 Quod
861 1605 891 1654 et
923 1600 980 1655 isto
1011 1600 1097 1655 modo
1129 1601 1207 1657 fecit.
1254 1601 1414 1656 canonicos

366 1689 507 1743 seculares
531 1689 567 1744 de
599 1689 748 1744 Walthom
772 1679 905 1744 sanctae²
927 1689 1021 1744 crucis
1053 1689 1090 1744 ad
1113 1691 1333 1746 conventualem
1369 1709 1413 1746 re·

366 1777 447 1848 dogit
477 1779 579 1834 vitam.
625 1777 768 1834 Moniulcs
802 1779 838 1833 de
860 1778 1060 1852 Ambresbury
1083 1779 1250 1852 extirpavit,
1282 1781 1354 1835 alios
1378 1780 1414 1835 do

365 1867 569 1922 transmarinis
600 1868 731 1939 partibus
763 1857 998 1923 introducendo.³
1042 1869 1169 1923 Domum
1200 1869 1414 1926 carthusiensis

366 1957 477 2014 ordinis
498 1957 577 2028 apud
608 1948 790 2030 Whytham‘¹
809 1956 894 2027 juxta
928 1956 1122 2012 Sarisburiam
1154 1958 1269 2014 exiliter·
1301 1959 1413 2014 instau-

365 2047 449 2102 rarit.
496 2047 554 2101 Hic
576 2046 665 2102 stiam
699 2052 846 2119 receperat
876 2046 988 2101 dudum
1020 2047 1052 2101 in
1087 2047 1218 2102 custodia
1241 2066 1292 2103 sua
1323 2047 1414 2103 filiam

365 2135 442 2206 rogis
465 2136 643 2191 Francorum
672 2141 707 2190 ut
737 2155 801 2192 eam
831 2136 892 2190 filio
916 2153 968 2190 suo
1002 2136 1167 2192 Pictavcnsi
1200 2138 1300 2192 comiti
1329 2156 1414 2209 oopu-

366 2226 449 2280 luret.
493 2226 606 2281 Verum
637 2225 707 2297 quia
739 2233 805 2298 post
838 2231 962 2281 mortem
998 2225 1192 2281 Rosamundro
1224 2229 1329 2299 puellae
1364 2227 1416 2282 illa

366 2315 472 2370 abusus
495 2315 601 2380 fuerat,
625 2315 769 2370 Ricardus
800 2315 879 2369 filius
914 2332 983 2370 suns
1015 2315 1235 2371 matrimonium
1259 2317 1415 2373 recusarit.

367 2403 493 2459 Proinde
515 2404 666 2477 proposuit
687 2423 738 2460 rex
760 2405 836 2461 hauc
865 2406 994 2476 puellam
1018 2404 1140 2460 duxisse.
1187 2405 1249 2474 Qun
1272 2405 1308 2462 ds
1331 2424 1417 2460 causa

368 2495 525 2564 Hugouem
558 2494 734 2549 cardinalem
766 2494 803 2548 ad
825 2492 1042 2550 divortiandum
1075 2495 1152 2549 inter
1184 2495 1277 2566 ipsum
1311 2501 1341 2551 ot
1372 2513 1417 2550 rs-

368 2583 469 2653 ginam
491 2575 684 2638 Eliouorom³
705 2583 854 2650 invitavit,
878 2589 913 2638 ut
936 2584 977 2639 sic
1000 2581 1103 2652 majori
1119 2585 1297 2639 Francorum
1320 2585 1418 2640 farore

368 2674 460 2727 fretus
492 2672 567 2728 lilios
604 2673 736 2745 proprios
773 2673 981 2729 exhaeredaret.
1037 2673 1226 2728 Postmodum
1264 2675 1420 2744 ingruente

367 2763 445 2818 belle
468 2762 545 2817 inter
567 2763 663 2834 ipsum
685 2768 716 2817 et
737 2780 836 2832 regem
860 2761 990 2818 mancia
1023 2780 1076 2833 pro
1098 2763 1217 2817 castello
1248 2753 1420 2834 Radulplrl6

367 2851 454 2924 petiit
490 2869 542 2907 rex
571 2852 718 2908 Henrieus
751 2852 880 2924 puellum
914 2852 1084 2924 praedictam
1115 2851 1152 2906 ad
1175 2869 1247 2924 opus
1277 2850 1421 2907 Johanuiu

368 2942 423 2997 filii
446 2941 501 3006 sui,
534 2959 593 2997 unu
623 2959 691 2996 cum
713 2941 900 2996 comitatibus
931 2941 1070 2996 Pictarim
1094 2945 1123 2995 et
1146 2941 1344 3012 Andegovire3
1369 2941 1420 2996 ssd

369 3050 420 3088 rex
458 3031 590 3088 Francius
629 3037 741 3102 spretas
777 3030 866 3101 hujus
914 3030 1070 3101 legationis
1119 3029 1220 3085 literas
1257 3030 1421 3085 transmisit

370 3121 496 3176 Ricardo
519 3120 723 3193 inspiciendas.
770 3120 835 3189 Qua
856 3121 893 3175 de
909 3137 995 3175 causa
1018 3137 1085 3174 mox
1115 3109 1297 3176 execrabile⁷
1320 3118 1421 3176 odium

370 3211 450 3265 inter
470 3215 582 3282 patrem
608 3215 638 3266 et
661 3209 756 3265 filiurn
779 3216 824 3266 est
846 3215 989 3265 exortum.

418 3300 526 3355 Audito
548 3304 619 3355 suut
649 3300 770 3355 insolita
802 3299 933 3354 tonitrua
954 3287 1064 3354 nocte⁸
1079 3299 1186 3353 natalis
1208 3298 1337 3357 Domini.
1383 3299 1423 3354 m

372 3390 504 3445 sacerdos
526 3389 645 3460 quidum
668 3390 747 3461 apud
769 3378 932 3445 Anderer9
954 3389 985 3442 iu
1011 3388 1243 3461 Hamptesohyre
1275 3389 1422 3445 extinotus

371 3484 416 3533 eet
438 3479 474 3535 de
497 3479 621 3535 fulmine
644 3479 675 3532 in
707 3478 802 3534 medio
826 3477 938 3550 populi,
961 3479 1044 3533 nullo
1067 3477 1124 3533 alio
1148 3483 1264 3534 attacta
1313 3478 1369 3534 Sed
1392 3483 1422 3533 et

372 3568 453 3640 porci
476 3567 651 3623 ridebantur
666 3568 828 3623 discurrere
850 3568 999 3622 intereos.
1046 3568 1212 3639 Tempestas
1227 3567 1388 3639 grandinea
1396 3557 1424 3598 ¹⁰

372 3659 553 3729 consumpsit
575 3675 652 3722 ures.
676 3657 816 3713 animalia
838 3665 869 3712 ct
890 3657 1022 3712 homiues
1045 3662 1130 3712 nocte
1153 3656 1343 3728 Magdalonae.

416 3747 484 3802 Hiis
494 3735 516 3776 ¹¹
553 3747 661 3802 nostris
684 3747 785 3802 dicbus
817 3765 920 3818 corpus
943 3745 1068 3802 Arthuri
1090 3736 1205 3817 regis12
1239 3747 1316 3818 quod
1340 3748 1423 3818 quasi

373 3836 560 3891 fantasticum
594 3841 625 3891 ot
663 3837 696 3890 iu
734 3835 792 3892 fine
829 3841 970 3907 tanquam
1004 3835 1041 3890 ad
1074 3835 1234 3908 longinqua
1267 3836 1423 3893 deductum

372 3926 479 3980 fabule
524 3926 707 3981 Britannicus
741 3925 838 3981 adhuc
882 3929 1041 3980 uenturum
1086 3925 1299 3992 confinxerunt,
1345 3927 1424 3999 apud

373 4014 556 4070 Glastouiam
580 4015 657 4071 inter
680 4014 752 4070 duas
774 4015 903 4086 lapideas
926 4015 1091 4087 pyramides
1115 4013 1147 4070 in
1171 4033 1251 4069 sacro
1281 4014 1425 4072 cimiterio

373 4103 520 4175 quondam
576 4111 686 4161 erectas
739 4103 885 4176 profundo
943 4104 975 4158 iu
1021 4109 1099 4160 terra
1145 4121 1254 4176 quercu
1299 4121 1425 4160 concava

405 4324 413 4358 ¹
428 4333 625 4392 persecuturum,
638 4324 715 4389 Higd.
955 4323 966 4355 ⁸
983 4322 1065 4386 raorle]
1087 4322 1137 4383 die,
1150 4323 1227 4388 Higd.

405 4403 417 4437 ¹
431 4410 525 4454 structu
536 4403 635 4469 crucis]
656 4419 705 4452 om.
716 4403 793 4470 Higrl.
957 4401 967 4434 ¹
986 4400 1128 4460 Auderem,
1141 4400 1217 4465 Higd.

405 4483 416 4513 ³
431 4482 589 4542 intendendo,
601 4481 679 4547 Higd.
958 4481 977 4514 ¹⁰
994 4479 1153 4546 prandium]
1169 4481 1233 4530 from
1242 4479 1318 4548 liigd.
1329 4502 1335 4540 ;
1346 4500 1426 4549 prun·

406 4563 417 4594 ⁴
442 4561 670 4628 wuston,}1igu.
924 4559 1025 4620 diuolu,
1040 4557 1092 4608 llS.

406 4639 417 4670 ¹
433 4639 594 4701 Alienorum,
606 4641 684 4705 lligd.
959 4637 977 4669 ¹¹
997 4637 1037 4688 on
1050 4637 1095 4686 the
1109 4637 1207 4704 margin
1219 4639 1250 4689 ol
1265 4640 1327 4690 both
1346 4642 1425 4694 MSS.

406 4717 562 4782 ‘Redisset
590 4717 669 4782 Higd.
719 4719 771 4767 But
805 4733 874 4767 sonte
926 4716 947 4766 is
963 4716 1189 4780 Corpuazlrllnuu¹
1201 4718 1383 4772 iuueutruuerl.

375 4797 450 4847 MSS.
462 4798 527 4847 hare
540 4795 684 4861 Radulpti.
960 4797 980 4830 ¹¹
997 4795 1080 4862 repis]
1100 4812 1151 4847 om.
1162 4798 1241 4867 lligd.

405 4875 416 4912 ⁷
433 4872 598 4940 inexorabile,
608 4870 684 4940 lligd.
