3625 5784
433 887 476 950 20
778 895 928 946 uramur
952 895 1138 945 munros

430 1085 648 1154 Athelstanus
661 1084 846 1173 patruelis1
870 1084 973 1153 fuerit
1000 1085 1144 1164 Edwini,
1168 1105 1247 1150 nam
1262 1083 1482 1152 Athelstanus

431 1194 526 1277 pater
554 1187 622 1253 fuit
652 1189 738 1276 regis
763 1189 933 1254 Edmundi
959 1190 1017 1275 qui
1047 1188 1116 1255 fuit
1141 1193 1236 1275 pater
1262 1187 1406 1254 Edwini.
1450 1187 1484 1252 A

432 1314 498 1380 quo
512 1293 665 1378 Edwyno
687 1293 880 1378 opuseulum
900 1293 1073 1379 praesentis
1093 1291 1198 1358 libelli
1217 1292 1352 1357 initium
1373 1290 1484 1357 sumit.

433 1397 498 1463 Sed
521 1395 600 1482 quia
622 1394 762 1460 historia
784 1395 866 1461 dieti
889 1393 1062 1461 Gwidonis
1084 1394 1212 1460 eunetis
1234 1394 1352 1460 seculis
1372 1394 1487 1458 lauda·

432 1499 493 1565 bili
522 1498 679 1564 memoria
708 1496 971 1563 commendanda
1001 1501 1059 1574 est,
1090 1495 1127 1560 in
1157 1497 1314 1582 praesenti
1349 1495 1489 1562 historia

266 1592 404 1671 imm
432 1603 614 1668 immiscere
645 1600 767 1666 curavi.
823 1599 896 1666 Rer
924 1599 1055 1685 Angliae
1072 1598 1293 1664 Athelstanus
1308 1597 1490 1686 2regnavit

266 1660 393 1792 {siffis
432 1710 509 1792 post
528 1702 729 1770 Edwardum
753 1707 880 1788 patrem
904 1723 1002 1766 suum
1025 1706 1061 1767 et
1083 1701 1174 1766 omni
1197 1701 1305 1767 seculo
1328 1701 1489 1788 gloriosus

435 1829 504 1894 prm
526 1807 654 1874 eunetis
677 1805 972 1892 praedeoessoribus
987 1804 1055 1869 suis
1079 1803 1211 1890 Angliae
1238 1804 1372 1890 regibus
1387 1825 1489 1890 appa-

435 1909 512 1974 ruit.
574 1907 663 1973 Nem
697 1905 752 1973 hie
784 1905 1004 1972 Athelstanus
1037 1906 1169 1992 subegit
1200 1911 1307 1972 totam
1333 1905 1489 1971 Walliam

436 2018 472 2076 et
504 2031 596 2097 reges
637 2009 778 2094 subjecit
813 2009 947 2074 tributo.
1006 2009 1094 2073 Nam
1128 2008 1350 2074 Northwallia
1379 2007 1489 2073 reddi-

436 2113 489 2178 dit
518 2113 549 2178 ei
579 2111 717 2197 singulis
749 2111 845 2176 annis
878 2133 923 2177 oe.
954 2110 990 2177 li.
1026 2111 1099 2176 auri
1130 2117 1166 2176 et
1196 2132 1257 2177 eoo
1292 2110 1327 2176 li.
1360 2110 1490 2197 argenti

437 2221 472 2282 et
493 2213 577 2301 viij.³
600 2214 680 2279 mill.
706 2215 807 2279 boum
830 2221 864 2278 et
886 2235 1070 2280 vaccarum.
1118 2213 1162 2279 Et
1192 2214 1242 2279 ita
1266 2235 1413 2301 expansa
1438 2219 1490 2279 est

436 2316 598 2382 mirabilis
636 2317 707 2402 ejus
745 2315 834 2380 fama
872 2337 940 2402 prae
977 2315 1123 2381 mirabili
1161 2315 1391 2402 magnitudine
1427 2318 1489 2381 mi-

435 2419 591 2485 rabilium
624 2439 760 2504 operum
794 2421 865 2504 ejus
901 2418 939 2482 in
977 2422 1049 2482 toto
1086 2418 1165 2483 orbe
1196 2425 1368 2484 terrarum.
1424 2417 1491 2484 Hie

270 2521 554 2608 Hispani-habuit
590 2541 691 2585 uuam
728 2539 871 2589 sororem
908 2519 1041 2584 nomine
1079 2519 1217 2585 Hildam
1255 2543 1329 2605 quae
1367 2521 1491 2607 specio-

267 2594 391 2713 {afflig
436 2624 565 2690 sissima
616 2621 659 2688 ab
712 2623 865 2688 omuibus
918 2621 1041 2706 ubique
1087 2622 1312 2708 reputabatur.
1381 2623 1490 2704 Quam

267 2728 392 2795 marriage
437 2747 496 2791 rex
534 2725 681 2790 Francia
720 2724 829 2811 Hugo,
869 2725 981 2790 Bonus
1021 2731 1166 2802 voeatus,
1207 2725 1409 2790 desideravit
1454 2726 1490 2789 in

267 2794 369 2926 iffi
438 2850 582 2894 uxorem.
639 2827 684 2892 Et
706 2827 799 2892 misit
832 2825 1053 2912 Audulphum
1084 2827 1238 2892 comitem
1270 2829 1417 2894 Bolonire
1447 2829 1491 2892 ad

268 2927 375 2979 manee.
439 2953 549 3018 regem
565 2929 803 2996 Athelstanum
825 2949 884 3016 pro
907 2949 1017 3000 sorore
1039 2929 1130 2994 una⁴
1152 2951 1214 2996 sue
1242 2932 1394 3016 petenda
1441 2931 1489 2996 Et

439 3033 655 3121 praesentavit
671 3033 700 3098 ei
724 3054 767 3096 ex
782 3037 877 3117 parte
892 3031 980 3117 regis
996 3031 1145 3098 Franeiae
1161 3031 1203 3096 de
1225 3032 1376 3119 gloriosis
1393 3055 1490 3100 exen-

268 3145 388 3196 Preaents
438 3137 504 3201 niis
520 3141 555 3202 et
571 3135 709 3211 divitiis,
730 3134 885 3200 videlieet
901 3133 1036 3198 ensem⁵
1058 3133 1269 3200 Constantini
1285 3137 1493 3222 imperatoris

267 3219 415 3330 ffietl‘s’m·
439 3236 581 3304 Romani
611 3237 674 3302 filii
702 3236 735 3302 S.
759 3236 897 3323 Helenae
928 3257 1002 3321 quae
1033 3235 1165 3300 invenit
1193 3257 1321 3302 orueem
1345 3237 1491 3303 Domini.

438 3340 505 3406 Hie
535 3341 622 3406 ensis
652 3338 718 3403 fuit
748 3339 788 3403 de
818 3337 1026 3402 nobilissimo
1055 3359 1136 3402 auro
1158 3337 1302 3404 Arabico
1331 3339 1369 3402 in
1398 3341 1493 3426 eujus

438 3441 563 3528 eapello
596 3439 786 3507 reconditus
818 3439 886 3505 fuit
917 3439 1031 3504 olavus
1063 3460 1150 3503 unus
1183 3438 1357 3506 (lominieae
1379 3443 1492 3508 erucis.

439 3543 601 3610 Similiter
623 3525 842 3628 praesentarit
855 3541 886 3606 ei
909 3540 1052 3606 lanciam
1069 3539 1179 3605 Caroli
1196 3543 1319 3627 magni,
1335 3563 1410 3608 eum
1427 3565 1494 3629 qua

437 3645 546 3712 lanoia
578 3643 747 3730 Longinus
780 3639 936 3729 aperuit⁶
967 3642 1054 3706 latus
1088 3642 1214 3707 domini
1246 3644 1283 3707 in
1321 3665 1424 3722 cruce,
1459 3651 1493 3711 et

437 3768 540 3812 unam
564 3746 705 3832 regalem
730 3766 863 3810 auream
891 3765 1045 3810 eoronam
1072 3743 1239 3830 lapidibus
1265 3747 1422 3834 preciosis
1448 3749 1492 3814 ad

437 3849 573 3937 plenum
596 3848 759 3914 refertum.
809 3847 971 3912 Similiter
993 3847 1155 3912 vexillum
1174 3847 1206 3914 S.
1228 3849 1380 3914 Maurioii
1404 3850 1492 3935 quod

438 3957 569 4038 portare
607 3949 744 4016 solebat.
797 3949 960 4016 Similiter
996 3951 1193 4036 particulam
1230 3972 1331 4016 unam
1369 3958 1492 4018 sanetae
1550 3981 1555 3987 ·

437 4055 542 4121 erucis
580 4054 707 4118 domini
755 4054 792 4116 in
830 4074 897 4118 uno
935 4053 1081 4118 cristallo
1115 4052 1272 4118 nobiliter
1306 4053 1491 4121 reclusam!

267 4161 383 4296 ἓξὲξ
437 4158 510 4224 Rex
532 4177 610 4222 vero
628 4154 858 4221 Althelstanus
876 4155 917 4220 de
940 4154 1006 4221 hiis
1026 4155 1174 4242 reliquiis
1194 4155 1336 4220 nimium
1356 4158 1490 4222 laetatus

470 4432 633 4500 wamelis,
667 4432 733 4484 from
771 4432 806 4483 A.
864 4432 940 4484 Some
1022 4432 1128 4496 ³v.,A.

437 4511 611 4564 abbreviation
634 4525 684 4563 seo.
712 4527 779 4562 man.
802 4511 848 4562 has
875 4513 938 4563 been
1023 4512 1216 4572 ‘aaaomk

438 4591 548 4642 inserted
566 4589 592 4639 in
610 4589 678 4650 MS..
696 4591 743 4640 but
761 4590 783 4641 ia
802 4589 939 4641 indistinet.
1022 4592 1035 4625 ⁸
1053 4608 1140 4653 mecm,
1156 4593 1215 4645 MS.
1235 4595 1286 4646 and
1298 4595 1342 4658 A„
1358 4597 1413 4646 also
1424 4600 1492 4648 caria

438 4673 463 4722 It
475 4669 547 4720 looks
558 4669 643 4720 rather
660 4668 710 4720 like
721 4685 792 4719 avar.
827 4668 939 4734 Perhaps
990 4670 1017 4721 in
1028 4670 1073 4721 the
1083 4679 1147 4723 next
1158 4671 1209 4723 lino
1219 4673 1266 4724 but
1278 4689 1334 4725 one.

439 4751 460 4800 it
471 4750 491 4800 ia
503 4747 623 4800 intended
634 4749 674 4798 sor
685 4743 833 4798 avunculus.
1024 4749 1313 4817 “apparuitMSaand
1324 4754 1360 4807 A.

471 4827 689 4888 ’Adltelataaaa
702 4827 758 4880 MS.
770 4829 866 4880 antlA.
1023 4827 1126 4880 ⁷me
1136 4831 1190 4892 A.;
1208 4830 1316 4897 recluso,
1326 4831 1385 4884 MS.
