3625 5784
422 903 486 966 218
756 915 902 965 sanarer
926 913 1109 964 naresron

421 1113 546 1186 replevit
580 1111 717 1184 personis.
763 1111 897 1167 Fratrem
929 1109 1086 1182 Hugonem
1120 1109 1156 1165 de
1189 1109 1290 1168 ordine
1324 1111 1473 1170 Proedica·

422 1207 520 1259 torum
542 1203 672 1258 instituit
704 1201 890 1268 cardinalem,
914 1203 965 1272 qui
987 1205 1081 1256 totam
1103 1199 1225 1255 bibliam
1246 1202 1418 1272 postillavit,
1442 1208 1473 1258 ot

422 1311 545 1366 maguae
591 1310 678 1364 super
711 1291 832 1346 bibliam
866 1281 1058 1346 concordias¹
1081 1290 1257 1361 compilavit.
1304 1292 1365 1347 Iste
1396 1310 1473 1364 papa

422 1383 502 1455 apud
525 1382 702 1453 Lugdunum
725 1381 828 1437 Galliae
845 1380 1000 1435 concilium
1019 1379 1188 1445 celebravit,
1204 1380 1236 1434 in
1258 1397 1316 1451 quo
1338 1385 1472 1436 sanctum

424 1472 611 1528 Edmundum
658 1471 782 1542 septimo
820 1469 1016 1524 defunctionis
1054 1486 1114 1524 suae
1161 1485 1238 1523 anno
1276 1472 1471 1537 canonizavit,

423 1562 562 1618 rebellem
608 1561 815 1632 imperatorem
856 1558 1044 1614 Frederioum
1082 1557 1288 1629 deponendum
1333 1559 1470 1615 decrevit

423 1651 512 1722 Apud
528 1650 682 1704 Theletum
699 1649 850 1720 Hispaniae
866 1648 935 1702 dum
952 1645 1072 1719 quidam
1087 1647 1210 1702 Judaeus
1234 1648 1265 1702 iu
1288 1638 1397 1704 horto²
1419 1667 1472 1705 suo

423 1760 476 1813 pro
499 1741 585 1794 vinea
608 1739 775 1810 amplianda
791 1738 912 1804 foderet,
927 1735 1055 1807 lapidem
1073 1725 1206 1807 reperit⁸
1225 1754 1262 1791 ex
1285 1739 1366 1792 omni
1388 1742 1471 1809 parte

422 1831 581 1900 integrum,
614 1831 646 1882 in
680 1825 764 1897 eujus
786 1827 884 1882 medio
907 1827 1020 1880 inuenit
1043 1815 1177 1880 librum*
1202 1826 1242 1881 ad
1272 1829 1470 1897 quantitatem

422 1918 553 1991 psalterii
585 1935 651 1971 cum
686 1917 763 1971 soliis
796 1916 902 1986 ligneis
937 1914 1091 1980 Hebraico,
1128 1914 1240 1980 Graece,
1277 1915 1381 1971 Latine
1404 1934 1472 1973 con·

423 2009 563 2078 scriptum
587 2006 623 2062 de
646 2006 756 2076 triplici
777 2005 886 2060 mundo
910 2004 946 2058 ab
967 2004 1064 2058 Adam
1087 2021 1179 2076 usque
1202 2005 1241 2059 ad
1254 2005 1472 2062 antichristum

422 2097 599 2168 loquentem,
624 2095 816 2167 proprietates
849 2095 1003 2148 bominum
1037 2095 1259 2164 exprimentem,
1282 2095 1472 2166 principium-

422 2203 478 2258 que
501 2187 582 2239 tertii
617 2184 719 2238 mnndi
754 2185 785 2238 in
818 2183 934 2238 Christo
967 2187 1134 2254 ponentem,
1167 2185 1199 2238 in
1230 2183 1308 2238 huno
1330 2183 1470 2241 modum:

422 2279 440 2302 “
468 2275 505 2329 In
537 2273 627 2329 tertio
661 2273 770 2328 mundo
804 2272 881 2328 filius
919 2271 965 2326 dei
1001 2277 1137 2327 nascetur
1169 2291 1205 2326 ox
1228 2274 1342 2343 virgine
1365 2273 1471 2340 Maria,

424 2367 442 2390 “
468 2366 518 2435 qui
540 2381 594 2436 pro
616 2363 709 2418 salute
732 2362 881 2418 bominum
916 2367 1042 2416 mortem
1065 2363 1222 2433 patietur.'’
1267 2361 1341 2417 Haeo
1373 2363 1473 2434 legens

422 2453 543 2510 Judaeus
565 2454 665 2508 statim
686 2453 851 2524 baptizatus
874 2457 926 2506 est.

467 2543 562 2598 Tanta
577 2543 635 2597 fuit
651 2541 768 2597 caristia
784 2543 815 2595 in
830 2540 943 2612 Anglia
958 2545 992 2595 ut
1014 2557 1129 2595 summa
1144 2539 1223 2594 bladi
1238 2558 1293 2612 pro
1307 2540 1357 2611 xij.
1372 2539 1473 2596 solidis

421 2634 607 2688 venderetur.
647 2619 733 2700 Quo⁵
756 2648 833 2685 anno
854 2630 959 2684 beatus
982 2619 1178 2684 Edmundus⁰
1200 2631 1359 2685 translatus
1374 2636 1427 2698 est,
1442 2635 1472 2684 et

423 2723 594 2794 Fredorieus
617 2721 775 2792 imperator
797 2720 1067 2774 excommunicatus
1091 2717 1164 2774 obiit
1196 2720 1226 2773 in
1249 2709 1383 2791 Apulia,⁷
1406 2725 1473 2791 post

423 2830 508 2881 quem
532 2799 729 2865 Mamiridus³
751 2809 829 2862 lilius
852 2806 915 2878 ojus
939 2809 1081 2862 naturalis
1102 2826 1227 2878 regnum
1259 2813 1289 2862 ct
1319 2809 1470 2864 thesauros

423 2901 531 2955 Siciliae
555 2899 679 2964 invadit,
716 2899 807 2952 donoc
842 2897 963 2952 Carolus
998 2898 1090 2952 frater
1119 2899 1197 2968 regis
1221 2897 1353 2953 Francia
1376 2900 1471 2969 ipsum

422 2993 483 3044 vita
506 2994 536 3044 ct
558 3006 650 3060 regno
673 2977 824 3059 privaret⁰
868 2987 986 3041 Mortuo
1009 2987 1129 3041 tandem
1151 2986 1307 3042 mederico
1329 2987 1470 3058 praedicto

423 3081 612 3135 Innocentius
644 3095 720 3149 papa
754 3077 922 3148 procuravit
957 3077 1096 3130 electores
1135 3077 1250 3147 imperii
1289 3077 1436 3148 principes
1444 3066 1470 3104 ¹⁰

421 3168 583 3223 Alemaniae
616 3173 650 3221 ut
681 3167 780 3237 plures
812 3165 976 3235 eligerent;
1011 3165 1089 3218 unde
1124 3164 1197 3219 duce
1236 3165 1406 3236 Thuringiae
1440 3172 1471 3220 ot

420 3259 525 3312 comite
561 3256 717 3312 Holandioe
741 3253 841 3309 electis
876 3253 928 3308 sed
963 3254 1021 3308 cito
1044 3258 1110 3324 post
1137 3253 1323 3320 obeuntibus,
1348 3253 1469 3325 quidam

421 3347 574 3416 elegerunt
616 3345 774 3399 Ricardum
821 3343 942 3396 fratrom
999 3344 1079 3412 regis
1134 3343 1252 3414 Anglioe
1309 3343 1470 3414 ducemque

421 3433 594 3500 Cornubiai;
635 3433 713 3504 quod
748 3432 867 3504 quidem
899 3433 1026 3487 schisma
1061 3432 1114 3486 sub
1152 3432 1267 3502 magnis
1305 3431 1470 3504 sumptibus

421 3525 522 3578 multis
545 3523 662 3577 duravit
685 3523 776 3576 annis.
823 3521 888 3576 Hoc
912 3538 989 3575 anno
1011 3520 1091 3591 apud
1114 3521 1297 3576 Londoniam
1321 3523 1399 3577 facta
1424 3525 1469 3576 eat

422 3613 547 3668 solennis
561 3611 706 3684 processio
722 3614 823 3666 contra
832 3601 855 3639 ¹¹
880 3599 1088 3680 sanguiuem¹²
1110 3609 1219 3664 Christi
1234 3612 1283 3682 qui
1306 3612 1412 3666 missus
1426 3615 1471 3664 est

421 3702 550 3757 chuico
571 3700 636 3771 regi
660 3717 678 3754 a
701 3698 866 3771 patriarcha
893 3697 1138 3770 ierosolymitano
1173 3697 1214 3769 iij.
1239 3699 1306 3754 idus
1329 3699 1471 3756 Octobris.

421 3791 592 3864 bodonicus
635 3807 685 3843 rex
728 3787 861 3843 Francius
897 3789 973 3842 adiit
996 3789 1118 3842 Terram
1152 3792 1294 3854 sanctam,
1328 3793 1358 3843 et
1393 3791 1471 3860 cepit

421 3881 598 3944 Damietam,
615 3878 667 3933 sed
689 3896 766 3932 anno
790 3878 928 3948 sequenti
951 3881 1054 3948 captus
1078 3883 1122 3931 est
1145 3895 1163 3932 a
1187 3877 1316 3933 Soldauo
1339 3879 1370 3932 in
1394 3878 1470 3933 bello

421 3969 587 4040 campestri,
620 3973 650 4022 ot
685 3969 763 4022 sacta
807 3973 851 4021 est
897 3973 1010 4037 strages
1055 3965 1314 4032 Christianorum
1348 3967 1380 4021 in
1412 3985 1471 4038 qua

420 4059 555 4114 occubuit
589 4063 725 4112 strenuus
755 4057 839 4110 miles
861 4056 1026 4111 Willelmus
1048 4055 1137 4125 longa
1176 4054 1267 4126 spata.
1312 4055 1472 4112 Venerunt

448 4206 499 4213 ..-
518 4203 624 4211 -ι-ομ
643 4199 802 4208 --μ-.--....
855 4199 1061 4205 -----—.--
1073 4199 1197 4204 ..-—.-.
1209 4198 1302 4204 -.--

453 4282 458 4311 ¹
479 4281 592 4330 Heroon
612 4277 674 4326 botb
687 4273 798 4340 margins
811 4272 831 4322 is
854 4271 921 4326 Con-
1007 4271 1062 4321 ffin
1075 4272 1186 4338 Apulia]
1206 4287 1256 4323 ona
1268 4274 1346 4340 Iligd.

419 4355 720 4424 eordioeauperbibliom.
1006 4351 1292 4418 ‘Monsredualligd
1393 4361 1396 4365 ’

453 4437 463 4469 ²
480 4443 542 4495 orio,
553 4435 612 4486 MS.
1006 4429 1017 4460 ⁹
1031 4431 1168 4495 privasset,
1181 4430 1258 4496 Higd.

452 4515 586 4581 ‘’repet-it]
607 4511 802 4576 invenit,Hig‹l.
1007 4507 1026 4540 ¹⁰
1039 4509 1172 4574 principes
1194 4509 1348 4578 Aleatuniu]
1369 4526 1419 4562 om.
1447 4512 1472 4562 in

453 4597 463 4627 ⁴
481 4593 589 4658 invenit]
610 4590 710 4656 reperit,
723 4589 801 4656 lligd.
972 4595 1038 4638 most
1049 4586 1124 4638 MSS.
1137 4589 1165 4638 ol
1176 4586 1253 4653 Higd.

453 4675 463 4707 ⁵
484 4673 554 4738 Quo]
577 4673 641 4730 Hoc,
653 4671 731 4734 lligd.
1005 4665 1023 4697 ¹¹
1041 4666 1144 4731 eonii-o]
1164 4681 1261 4725 vemas,
1272 4666 1352 4735 Higd.

454 4753 464 4783 ⁶
481 4753 549 4801 llere
561 4765 592 4799 on
604 4749 667 4798 both
680 4747 790 4810 margins
804 4747 824 4795 is
839 4747 920 4798 Sone-
947 4790 950 4827 Ι
1006 4747 1025 4779 ¹²
1043 4747 1111 4795 llere
1123 4761 1156 4794 ou
1167 4745 1233 4801 both,
1246 4745 1391 4812 margionis
1406 4749 1473 4800 Situ.

420 4839 460 4884 tus
472 4828 624 4882 Eduumdus
637 4826 808 4876 concarnatus.
946 4846 950 4875 ι
971 4826 1029 4890 puis
1044 4823 1142 4874 Christi
1153 4823 1222 4874 venit
1234 4826 1261 4877 ia
1272 4823 1402 4890 Aeoliam.
