3625 5784
399 841 463 906 136
749 852 894 904 ammei
918 851 1100 902 sammon

401 1047 598 1106 conversionis
619 1065 680 1105 sus
702 1064 812 1104 annum
836 1047 925 1102 abbas
947 1044 1171 1104 clarevallensis
1193 1044 1367 1114 destinatur,
1398 1047 1450 1105 ubi

401 1157 490 1211 supra
511 1140 671 1193 humanam
702 1136 943 1193 consuetudinem
966 1136 1105 1208 vigilans,
1129 1135 1246 1193 nullum
1276 1143 1392 1210 tempus
1415 1156 1446 1194 se

402 1226 477 1283 dixit
499 1226 593 1298 magis
614 1227 733 1299 perdere
755 1243 843 1298 quam
866 1226 981 1297 quando
1004 1225 1152 1292 dormivit,
1176 1244 1331 1298 sompnum
1360 1228 1450 1284 morti

403 1335 579 1388 eomparaus
650 1317 812 1372 stertentes
867 1319 898 1370 et
943 1314 1133 1388 inoomposite
1179 1315 1355 1372 dormientes
1400 1317 1449 1372 vix

296 1455 299 1459 J
403 1403 555 1472 tolerabat,
579 1405 617 1460 ad
639 1405 737 1460 eibum
751 1410 890 1476 tanquam
906 1405 943 1459 ad
964 1409 1143 1461 tormentum
1165 1404 1310 1471 aeosssit3
1332 1410 1451 1478 propter

403 1513 542 1566 magnam
565 1495 772 1550 abstinentiam
795 1511 903 1564 magna
925 1511 960 1549 ex
982 1499 1065 1566 parte
1088 1493 1220 1551 ciborum
1242 1493 1449 1550 discretionem

403 1586 550 1651 amiserat,
574 1585 617 1639 ita
638 1583 756 1656 quidem
778 1587 814 1637 ut
850 1583 947 1638 oleum
981 1600 1034 1655 pro
1067 1583 1147 1649 vino,
1186 1582 1359 1656 sanguinem
1397 1601 1450 1655 pro

402 1675 509 1746 butyro
531 1673 689 1746 aliquando
712 1677 849 1737 sumeret,
866 1671 1008 1744 dixitque,
1025 1673 1115 1728 solam
1139 1690 1244 1744 aquam
1267 1673 1323 1728 sibi
1339 1691 1448 1746 sapere,

402 1783 438 1820 eo
469 1763 548 1834 quod
584 1764 682 1818 faueas
714 1779 782 1818 suas
803 1761 1004 1831 refrigerabat.
1052 1760 1197 1834 Quidquid
1231 1762 1268 1818 de
1299 1761 1450 1835 seripturis

403 1853 555 1918 didioerat,
578 1851 705 1908 maxima
727 1851 759 1906 in
782 1850 865 1906 silvis
888 1856 918 1905 et
941 1850 972 1906 in
995 1851 1074 1922 agris
1096 1849 1265 1907 meditando
1287 1857 1318 1907 et
1340 1851 1449 1908 orando

404 1942 550 2006 hauserat,
573 1959 627 1997 neo
649 1942 722 1996 alios
753 1957 785 1996 se
815 1939 950 1996 habuisse
983 1939 1140 2012 magistros
1162 1958 1249 2013 quam
1273 1959 1395 2014 quercus
1419 1945 1450 1998 et

404 2032 487 2101 fagos
518 2031 670 2086 fatebatur.
719 2030 757 2084 In
795 2029 923 2084 vestibus
958 2025 1021 2100 ejus
1058 2035 1225 2102 paupertas,
1257 2031 1308 2086 sed
1342 2031 1450 2102 absque

404 2119 537 2176 sordibus
560 2119 624 2175 fuit
670 2117 777 2174 Aiebat
807 2117 897 2184 enim,
921 2123 1015 2175 vestes
1050 2119 1110 2176 fore
1140 2119 1233 2174 animi
1266 2119 1376 2176 indiaes
1399 2124 1451 2175 aut

404 2207 584 2280 negligentis
628 2213 680 2262 aut
734 2206 862 2263 inaniter
907 2207 1069 2278 gloriantis.
1139 2208 1328 2264 Proverbium
1373 2208 1449 2264 illud

349 2365 359 2384 κ
404 2298 642 2370 frequentarem
664 2297 715 2352 sed
737 2297 824 2352 eorde
846 2314 961 2368 semper
984 2298 1111 2362 tenebat,
1146 2299 1165 2324 “
1179 2297 1235 2368 Qui
1270 2297 1341 2354 faoit
1372 2298 1449 2370 quod

403 2404 490 2442 nemo
504 2375 655 2442 miramur¹
674 2387 802 2442 omnes.”
826 2384 958 2441 Novioiis
972 2385 1145 2458 religionem
1161 2387 1270 2442 intrare
1284 2388 1451 2443 volentibus

403 2475 499 2532 dioere
521 2481 719 2540 oonsuevsrat,
744 2476 764 2500 ‘¹
779 2473 811 2530 Si
833 2474 871 2529 ad
894 2493 929 2530 ea
944 2493 1010 2546 quse
1033 2475 1114 2531 intus
1136 2481 1206 2530 sunt
1228 2477 1383 2541 festinatis,
1400 2476 1449 2533 hio

404 2565 424 2591 “
448 2565 519 2620 foris
534 2564 676 2619 dimittite
691 2581 811 2636 eorpora
825 2581 891 2636 qus
906 2564 943 2620 de
966 2553 1248 2620 montismirati
1264 2587 1271 2632 ;
1295 2565 1349 2622 soli
1364 2565 1450 2638 spiri·

404 2654 424 2681 “
448 2659 497 2709 tus
535 2653 748 2724 ingrediantur,
780 2670 848 2709 earo
885 2659 984 2710 autem
1017 2671 1075 2709 non
1114 2653 1232 2726 prodest
1265 2653 1450 2727 quioquam.’'

403 2743 641 2815 Quandoounque
663 2743 702 2798 ad
723 2742 901 2814 epulandum
925 2742 1115 2808 invitabatur,
1138 2744 1310 2816 respondere
1326 2744 1447 2810 solebat,

403 2851 434 2888 se
456 2851 544 2888 suum
565 2851 625 2888 non
647 2849 709 2889 esse
731 2831 782 2888 sed
803 2831 930 2888 aliorum
963 2832 1082 2888 servitio
1104 2832 1284 2906 deputatum.
1331 2832 1452 2906 Semper

402 2921 606 2978 inveniebatur
650 2927 702 2977 aut
739 2938 834 2988 orans,
872 2926 925 2976 aut
963 2921 1073 2992 legens,
1118 2927 1171 2978 aut
1215 2921 1353 2989 scribens,
1399 2928 1451 2979 aut

405 3012 562 3077 meditans,
596 3016 649 3066 aut
678 3011 784 3066 fratrae
815 3027 883 3066 suos
917 3011 1005 3067 verbo
1038 3011 1194 3068 redifioans.
1240 3011 1370 3068 Tandem
1394 3012 1449 3068 sub

404 3119 481 3158 auno
504 3100 609 3173 gratia
632 3113 731 3155 noun.
764 3099 855 3154 morti
876 3099 1124 3173 appropinquans,
1147 3100 1207 3156 tria
1228 3100 1367 3156 iratribus
1389 3101 1449 3158 suis

403 3189 583 3247 observanda
604 3188 734 3261 reliquit,
770 3206 835 3260 quae
867 3189 983 3260 etipse
1016 3207 1070 3261 pro
1106 3189 1225 3246 modulo
1257 3206 1310 3246 suo
1333 3189 1365 3245 in
1388 3190 1450 3247 vita

402 3297 457 3336 sua
470 3279 635 3335 observasse
649 3278 787 3344 assuevit,
803 3276 913 3344 diosus,
939 3278 958 3303 ‘⁴
969 3277 1125 3334 Neminem
1141 3279 1336 3334 scandalizare
1357 3280 1449 3346 volui,

404 3370 424 3395 ‘⁸
448 3368 500 3424 sed
514 3368 585 3424 etsi
600 3367 769 3423 scandalum
785 3368 912 3422 surrexit
926 3366 1025 3423 sedavi
1039 3373 1074 3422 ut
1089 3367 1181 3440 potui.
1227 3368 1327 3424 Minus
1350 3369 1448 3425 sensui

404 3458 423 3484 ‘⁶
448 3475 513 3513 meo
544 3474 633 3529 quam
669 3455 765 3512 alieno
794 3454 906 3526 judicio
941 3455 1060 3512 orsdidi.
1115 3457 1215 3514 Laesus
1252 3457 1289 3514 de
1326 3458 1451 3516 laedente

403 3547 423 3573 “
446 3545 609 3602 vindictam
617 3562 677 3601 non
688 3543 792 3617 petii.”
815 3545 982 3602 Bernartius
996 3545 1088 3618 igitur
1100 3548 1261 3603 multorum
1272 3552 1450 3604 traotatuum

402 3635 552 3710 potissime
576 3634 607 3689 in
630 3632 689 3688 hiis
712 3652 778 3706 quae
801 3633 837 3690 de
859 3634 1061 3691 incarnatione
1084 3635 1194 3692 Christi
1216 3643 1286 3692 sunt
1315 3639 1451 3710 egregius

402 3724 593 3795 conscriptor,
639 3723 858 3795 multorumque
902 3722 1110 3779 miraculorum
1149 3729 1289 3796 patrator,
1336 3727 1450 3800 simque

402 3812 646 3870 monasteriorum
676 3818 859 3868 constructor
881 3811 1060 3869 obdormivit
1083 3813 1114 3869 in
1138 3814 1199 3870 deo.
1245 3815 1311 3870 Ηοο
1334 3832 1448 3888 quoque

401 3922 479 3960 anno
502 3901 576 3959 obiit
609 3901 753 3957 Banulfus
791 3900 822 3974 ij.
861 3907 1057 3973 cognomento
1088 3903 1125 3959 de
1147 3893 1304 3970 (lerneus,³
1329 3911 1450 3975 quartus

401 3997 469 4066 post
490 3995 681 4062 oonqueatum
703 3991 823 4062 Angliae
857 4009 953 4047 eomes
977 3991 1109 4058 (lestrias,
1141 3992 1189 4050 oui
1211 3993 1348 4049 suooessit
1369 3993 1448 4051 lilius

402 4100 473 4139 suus
496 4082 585 4152 Hugo
615 4079 647 4151 ij.
678 4079 731 4151 qui
760 4079 879 4152 prefuit
909 4081 940 4134 iu
972 4080 1081 4137 duoatu
1111 4080 1164 4138 illo
1194 4083 1273 4138 xxix.
1304 4083 1390 4138 anuis
1419 4089 1450 4140 et

402 4172 499 4228 multa
526 4175 645 4226 stremie
663 4169 733 4241 egit
778 4169 844 4225 Ηοο
873 4168 965 4225 etiam
995 4187 1074 4226 anuo
1104 4170 1177 4226 obiit
1200 4189 1251 4228 rex
1286 4172 1451 4246 Stephanus

401 4260 480 4334 apud
512 4259 722 4317 monasterium
756 4257 792 4315 de
824 4258 997 4314 Pavirsham
1030 4259 1062 4314 in
1097 4259 1212 4326 Gentis,
1245 4261 1323 4334 quod
1346 4262 1408 4336 ipse
1432 4281 1450 4319 a

400 4347 602 4406 fundamentis
623 4351 814 4415 exstruxerat,
838 4349 971 4420 sepultus
994 4353 1046 4406 est.

435 4589 443 4620 ¹
460 4588 598 4646 mirantur,
609 4584 688 4650 nigri.
983 4583 994 4617 ³
1012 4585 1138 4648 Grrvmrr,
1150 4587 1229 4655 Higd.

433 4665 444 4698 ²
461 4666 492 4718 de
503 4662 605 4729 secrrlr'a]
621 4661 720 4723 sendo,
732 4660 811 4728 Higd.
