3625 5784
618 925 887 978 nnronsmmsm
910 925 1121 1014 cunomcou.
1321 909 1387 973 413

334 1111 517 1178 cardinales
548 1111 728 1179 tenderunt
762 1113 825 1178 iter
859 1134 974 1178 versus
1008 1116 1120 1200 partes
1156 1111 1298 1178 borialcs
1328 1129 1389 1196 pro

334 1236 414 1301 pace
435 1215 589 1280 habenda
611 1215 815 1304 interreges
838 1214 969 1303 Angliae
1000 1220 1035 1281 et
1069 1213 1188 1280 Scotiae
1220 1213 1387 1278 mediante

335 1316 388 1382 dei
420 1317 529 1405 gratia
560 1322 595 1382 ct
628 1317 754 1382 virtute
786 1317 1023 1382 commissionis
1054 1338 1130 1382 suae.
1177 1314 1328 1401 Cumque
1350 1313 1387 1377 in

334 1422 446 1503 putee
495 1416 613 1485 Scotiae
659 1419 838 1494 venissent,
892 1417 1069 1484 insultavit
1124 1439 1179 1484 cos
1233 1417 1387 1482 dominus

336 1517 509 1586 Gilbcrtus
540 1519 581 1585 de
623 1511 794 1606 Mydclton
828 1519 922 1584 miles
956 1541 1032 1586 cum
1065 1519 1141 1584 aliis
1179 1518 1386 1606 elegantibus
1398 1530 1519 1608 mem·
1552 1584 1554 1587 .

335 1620 536 1699 sbavaldres,
559 1627 593 1688 ct
617 1642 672 1686 eos
699 1622 739 1687 dc
772 1621 926 1686 omnibus
948 1621 1044 1686 bonis
1074 1627 1110 1687 st
1132 1620 1295 1686 thesauris
1317 1597 1539 1726 miii-inse

335 1722 568 1809 spoliaverunt.
614 1721 807 1788 Cardinales
822 1723 869 1788 sic
884 1722 1018 1808 spoliati
1032 1723 1203 1787 redierunt
1217 1722 1260 1788 ed
1276 1742 1387 1809 regem
1399 1729 1434 1793 by
1445 1730 1546 1781 Gilbert

335 1825 406 1890 sine
428 1825 541 1911 aliqua
563 1824 629 1889 alia
651 1823 871 1911 expeditione,
901 1828 1074 1889 narrantes
1097 1845 1170 1909 quse
1191 1829 1287 1912 gesta
1308 1796 1547 1912 suntfflld‘l

336 1925 371 1990 in
408 1925 474 1991 via.
536 1925 620 1992 (lum
659 1947 719 1990 rex
757 1925 827 1991 hese
875 1924 1104 2002 intellexisset,
1150 1925 1234 2006 fecit
1272 1945 1388 2010 capere

336 2026 461 2093 dictum
485 2027 673 2094 Gilbertum
704 2027 746 2092 de
778 2025 952 2112 Mydclbon
974 2032 1010 2092 et
1040 2027 1228 2092 «iohannem
1250 2026 1389 2091 fratmm
1401 2040 1541 2105 'rhoplun-

336 2150 442 2206 suum,
480 2135 514 2194 et
545 2127 637 2195 ducti
682 2133 762 2194 sunt
808 2127 1005 2206 Londonias,
1037 2129 1136 2194 tracti
1171 2133 1206 2194 et
1239 2126 1390 2214 suspensi
1401 2109 1487 2224 {¹33⁸
1502 2123 1560 2157 ²¹*

337 2229 469 2296 ibidem.

198 2331 204 2344 '
383 2327 509 2399 Quidum
532 2327 656 2400 scriptor
678 2327 797 2383 nomine
820 2327 970 2384 Johannes
986 2327 1103 2383 babens
1129 2329 1310 2401 murilegnm
1332 2329 1391 2384 sibi

220 2435 227 2450 ·
340 2417 527 2482 familiarem,
565 2417 690 2473 assumit
727 2417 846 2490 publice
882 2416 962 2490 apud
994 2417 1138 2473 Oxoniam
1169 2417 1249 2474 circa
1281 2420 1389 2475 festum

340 2507 538 2572 Pentecostes,
561 2525 592 2562 se
615 2523 678 2562 esse
701 2523 804 2562 verum
831 2505 979 2562 haeredcm
1002 2506 1140 2578 Angliae3
1164 2525 1252 2580 quam
1275 2508 1390 2564 obrem

341 2597 419 2670 apud
441 2597 709 2668 Northamptonam
731 2613 829 2651 coram
851 2613 921 2667 rego
944 2601 975 2651 et
989 2597 1157 2668 proceribus
1181 2595 1218 2651 de
1240 2597 1391 2652 mendacio

341 2687 504 2751 convictus,
529 2685 686 2742 dismactns
708 2689 738 2741 et
761 2701 918 2756 suspensus
941 2690 994 2741 est.
1039 2685 1103 2755 Quo
1126 2685 1245 2757 quidem
1267 2704 1344 2743 anno
1358 2685 1391 2757 ij.

341 2775 503 2832 cardinales
525 2775 666 2846 Angliam
697 2773 847 2830 venientes
881 2775 1209 2831 excommunicaverunt
1230 2775 1391 2832 Robertnm

342 2864 379 2921 de
411 2865 488 2921 Brun
526 2883 593 2920 cnm
627 2863 788 2920 lantoribus
823 2863 893 2929 suis,
931 2862 1118 2938 Scotiamque
1150 2865 1205 2920 snb
1236 2865 1393 2922 interdicto

339 2960 509 3028 posuerunt.

386 3047 509 3112 Eodem
530 3067 618 3112 anno
640 3046 722 3112 certi
745 3045 898 3112 articuli¹
916 3046 1018 3112 locuti
1041 3051 1076 3112 ct
1098 3047 1288 3113 concordati
1302 3045 1393 3132 apud
1405 3067 1517 3120 Asteles

341 3149 563 3235 Lsycestriam
602 3148 692 3213 inter
725 3147 884 3212 Thomam
923 3147 1086 3224 comitem,
1118 3153 1153 3214 et
1186 3148 1320 3227 clerum,
1358 3137 1542 3252 elffii-⁰⁰

340 3256 455 3339 postes
484 3252 623 3317 fuerunt
657 3250 802 3315 ordinati
834 3255 868 3316 ct
902 3249 1088 3315 confirmati
1123 3249 1301 3317 Londoniae
1333 3270 1554 3338 persensimus
1595 3254 1597 3257 ’

340 3353 532 3431 cardinales,
563 3351 825 3440 archiepiscopos
858 3351 1050 3418 cantuaria
1083 3358 1118 3418 et
1140 3353 1326 3419 Dunelmiae
1358 3335 1552 3452 etffissfflf

340 3457 422 3523 alios
453 3457 607 3544 praelatos
630 3454 809 3542 provinciae
832 3453 1105 3534 Oentuan'ensis3
1129 3455 1187 3541 qui
1210 3453 1395 3521 retornati²

341 3563 420 3624 sunt
458 3557 501 3623 sd
539 3557 664 3624 dictum
705 3553 865 3620 'rhomam
897 3556 1050 3623 comitem
1082 3554 1196 3643 apud³
1222 3557 1394 3623 castellum

340 3681 438 3725 sunm
472 3659 513 3724 de
551 3658 736 3744 Tuttebsry
771 3679 831 3744 per
865 3659 1034 3744 episcopos
1069 3657 1327 3745 Norwycenscm
1361 3664 1396 3724 et

342 3757 528 3848 Elyensem.

812 3963 932 4030 Primo.

389 4117 461 4198 Qus
485 4117 532 4182 les
564 4121 678 4192 terres,
702 4119 811 4180 rentes
835 4120 870 4180 et
902 4121 1074 4182 tenemens
1105 4118 1210 4184 donea
1241 4124 1397 4185 enoontre

345 4218 378 4284 la
400 4218 529 4284 lourme
552 4217 612 4282 den
635 4216 834 4282 ordinsncez
856 4217 966 4283 seiont
989 4219 1113 4284 renduz
1137 4225 1171 4285 et
1194 4221 1330 4286 remisez
1356 4243 1398 4286 en

343 4319 377 4384 la
400 4342 501 4407 mayn
533 4319 564 4384 le
587 4341 648 4406 roy
671 4339 750 4383 sanz
784 4321 871 4383 estre
903 4319 1045 4385 redonen
1079 4342 1100 4385 a
1122 4343 1261 4386 mesmes
1291 4344 1397 4389 ceaux

343 4444 427 4509 eynz
459 4423 674 4488 demourront
707 4443 749 4486 en
773 4419 806 4485 la
829 4441 950 4508 mayne
984 4422 1015 4488 le
1038 4444 1100 4508 roy
1122 4446 1144 4489 a
1176 4445 1236 4490 son
1268 4425 1397 4511 profite,

376 4685 383 4718 ι
402 4687 470 4738 Hm
482 4701 516 4736 οη
527 4685 590 4736 both
609 4683 720 4751 margins
739 4682 761 4734 ig
773 4683 847 4733 Arei.
931 4671 1095 4740 ²retoenca]
1115 4673 1253 4736 reformati,
1264 4675 1342 4728 Mss.

342 4765 394 4816 cuh‘
404 4765 519 4817 ordinali
537 4765 603 4815 inter
620 4761 713 4814 cimam
730 4769 755 4811 el
773 4763 847 4812 comi·
931 4751 943 4784 ³
960 4753 1028 4803 Herc
1039 4751 1178 4820 onmergin
1185 4753 1217 4804 of
1223 4753 1278 4804 MS.
1290 4753 1400 4822 islen-

341 4849 395 4894 em.
899 4832 935 4884 cii
945 4831 1015 4884 misci
1026 4829 1374 4900 adccmitenproerbculis.
