3625 5784
434 811 500 876 364
779 828 927 877 uuunrcr
951 827 1136 877 aaronica

435 1011 500 1076 nisi
534 1012 649 1099 lingua
672 1021 824 1082 materna
858 1015 1067 1100 loqueretur3
1090 1013 1295 1100 dispersique
1325 1012 1431 1080 nostri
1454 1016 1489 1077 et

374 1123 379 1135 “
435 1115 536 1179 etiam
570 1115 690 1180 Franci
725 1117 907 1182 nescientes
940 1119 1023 1182 bene
1057 1139 1124 1202 qua
1155 1123 1250 1203 parte
1285 1117 1489 1181 diverterent

436 1237 605 1304 quousque
644 1219 724 1284 luna
762 1221 887 1286 luceret
924 1243 1023 1308 super
1059 1243 1124 1288 eos.
1170 1221 1317 1287 Lucente
1355 1219 1490 1286 tandem

436 1317 516 1406 luna
531 1319 782 1387 declinaverunt
798 1323 918 1388 Franci
934 1324 977 1388 ad
1000 1324 1098 1388 urbes
1112 1323 1282 1400 finitimas,
1297 1329 1333 1388 et
1355 1321 1490 1407 quidam

437 1441 480 1484 ex
502 1422 622 1486 nostris
653 1423 770 1488 inserti
793 1447 867 1490 curn
891 1425 1036 1502 Francia,
1059 1426 1117 1511 qui
1150 1447 1227 1491 cum
1250 1447 1292 1490 ex
1324 1425 1397 1511 ipsa
1419 1424 1491 1488 luce

438 1522 491 1586 vel
514 1523 629 1610 lingua
661 1526 955 1592 manifestarentur
976 1527 1118 1614 propria,
1140 1527 1230 1614 capti
1262 1532 1343 1592 sunt
1365 1531 1401 1591 et
1423 1526 1492 1589 vio-

264 1617 427 1734 ffindlbh
438 1624 545 1690 lenter
582 1626 725 1692 abducti.
773 1628 866 1704 Inter
912 1651 993 1715 quos
1038 1629 1192 1694 dominus
1237 1628 1407 1694 Johannes
1452 1628 1493 1692 de

265 1751 342 1802 taken
354 1701 404 1814 9⁸15.
439 1735 552 1794 sancto
568 1728 721 1795 Johanne
737 1737 853 1816 captus
869 1738 919 1797 est
935 1737 970 1796 et
992 1733 1128 1818 quidam
1151 1731 1219 1808 alii,
1238 1732 1336 1816 pauci
1358 1730 1492 1796 tamen¹

266 1817 427 1933 {jfflgd
440 1835 636 1895 corruerunt
656 1830 768 1916 gladio
800 1834 879 1916 quia
902 1832 1195 1918 advesperascente
1218 1833 1273 1896 die
1302 1832 1391 1898 facte
1413 1837 1493 1896 sunt-

267 1947 305 1997 Sir
316 1949 386 1999 John
440 1931 518 2009 haec,
541 1938 576 1997 et
605 1941 817 2019 cooperuerat
839 1957 894 2000 eos
918 1937 1012 2020 quasi
1035 1935 1148 2000 subita
1179 1934 1293 2021 caligo,
1315 1939 1494 1999 necarant

268 2015 305 2066 st.
318 2013 395 2065 John.
439 2033 604 2118 pedestres
634 2035 712 2100 hinc
735 2036 788 2100 vel
823 2037 900 2101 inde
932 2037 990 2121 qui
1012 2035 1175 2122 projectos
1206 2039 1351 2100 armatos
1373 2035 1493 2121 spolia·

434 2141 513 2215 ¹rent
536 2134 590 2200 vel
620 2137 858 2214 interimerent,
889 2138 993 2202 nostri
1018 2137 1108 2202 enim
1139 2138 1307 2223 pedestres
1328 2157 1494 2201 remanse-

438 2241 519 2300 runt
542 2236 577 2298 in
600 2256 732 2301 nemore
764 2259 824 2302 nec
846 2239 926 2303 boni
950 2239 1125 2323 quicquam
1149 2237 1257 2302 exorsi
1290 2259 1333 2302 ex
1355 2237 1492 2301 armatis

438 2359 458 2402 a
492 2339 619 2404 nostris.
667 2339 803 2405 Retenti
835 2341 899 2404 viri
933 2347 1161 2427 processerunt
1195 2339 1406 2426 Heleregard,
1435 2339 1492 2404 sed

439 2446 551 2504 tamen
574 2463 595 2505 a
616 2441 745 2506 civibus
761 2442 817 2528 qui
836 2443 907 2526 jam
930 2442 993 2508 hoc
1014 2446 1138 2507 factum
1159 2441 1335 2507 audierant
1357 2441 1492 2506 edmtsi

266 2539 392 2605 'ruente
440 2561 507 2604 non
541 2546 628 2618 sunt,
652 2541 709 2606 sed
731 2541 850 2607 clausis
880 2543 995 2628 januis
1029 2541 1300 2629 improperabant
1333 2543 1382 2606 eis
1404 2542 1490 2628 quod

265 2613 516 2723 ssssi,ffi'1„20suos
550 2643 714 2709 consocios
747 2650 781 2710 et
813 2645 967 2709 comitem
998 2649 1172 2708 strenuum
1203 2648 1274 2708 tarn
1308 2643 1493 2709 vecorditer

270 2739 374 2790 Hetere-
439 2745 683 2831 relinquerent;
705 2751 999 2832 processeruntque
1022 2746 1136 2810 eadem
1159 2751 1255 2811 nocte
1277 2745 1321 2809 ad
1340 2750 1492 2810 sanctum

232 2853 236 2864 '
268 2805 419 2922 dierdtllndd
442 2847 597 2914 Cinerum
632 2869 691 2934 per
713 2853 856 2932 quatuor
887 2847 1005 2924 leucas,
1029 2852 1063 2912 et
1084 2849 1133 2914 ibi
1164 2848 1398 2934 recepti-sunt,
1422 2870 1492 2914 aus·
1551 2903 1555 2910 .

266 2888 393 3054 ffiffffi
440 2953 599 3034 ceperunt
621 2947 755 3014 tamen²
776 2949 857 3015 alios
881 2950 917 3014 iu
939 2949 1102 3035 profundo
1124 2950 1231 3014 noctis
1254 2951 1436 3028 venientes,
1457 2957 1493 3015 et

363 3040 368 3052 '
440 3071 552 3116 eorum
587 3050 723 3116 consilio
752 3050 830 3116 freti
863 3049 984 3137 egressi
1018 3055 1097 3114 sunt
1128 3051 1165 3114 in
1196 3071 1316 3115 aurora
1349 3051 1416 3115 diei
1448 3050 1497 3129 ad,

438 3152 546 3218 locum
576 3173 706 3238 pugnae,
729 3151 921 3237 colligentes
954 3151 1059 3237 spolia
1089 3151 1197 3216 multa
1230 3158 1266 3216 et
1288 3151 1491 3217 frumentum
1502 3165 1653 3230 Trysa-01.

438 3254 526 3339 quod
549 3257 765 3340 portaverant
787 3259 1002 3339 asportantes
1049 3253 1167 3320 Comes
1189 3260 1302 3320 autern
1325 3254 1489 3320 Lincolni-
1503 3237 1577 3284 ’Μ

438 3356 525 3420 ensis
548 3375 622 3420 cum
646 3354 761 3420 multis
784 3354 858 3418 aliis
874 3376 995 3442 magno
1010 3356 1118 3421 noctis
1140 3356 1250 3442 spatio
1267 3377 1393 3444 vagans
1415 3379 1491 3422 curn

439 3455 505 3540 jam
542 3455 685 3520 nesciret
727 3476 791 3539 quo
830 3476 863 3518 se
902 3455 1092 3533 diverteret,
1129 3477 1189 3542 per
1225 3457 1363 3522 eandem
1401 3457 1491 3522 viam

267 3562 338 3626 They
351 3577 389 3612 τε·
439 3577 588 3622 reversus
627 3561 678 3620 est
710 3577 775 3640 qua
813 3561 847 3620 et
886 3563 1031 3623 venerat.
1077 3557 1121 3622 Et
1152 3579 1249 3622 mane
1283 3559 1377 3642 quasi
1411 3558 1493 3622 hora

269 3629 393 3745 {fflffie
440 3659 539 3724 tertia
562 3659 656 3723 venit
685 3657 925 3722 adPer·f01·ade
959 3658 1018 3724 ubi
1050 3660 1141 3744 prius
1176 3664 1435 3745 pernoctaverat,
1447 3647 1492 3724 'et

270 3777 325 3825 way
337 3761 398 3825 they
439 3761 569 3826 invenit
601 3759 650 3823 ibi
683 3758 806 3824 multos
830 3781 871 3824 ex
906 3760 976 3824 suis
1009 3766 1143 3825 maestos
1174 3761 1309 3845 quidem
1344 3760 1386 3825 de
1420 3760 1493 3846 ejus

268 3841 348 3884 came,
438 3863 596 3940 absentia,
629 3861 686 3927 sed
718 3861 758 3926 de
790 3863 968 3946 praesentia
999 3861 1071 3947 jam
1108 3863 1290 3948 gaudentes
1327 3883 1366 3927 eo
1404 3863 1492 3947 quod

437 3964 566 4030 salvum
605 3985 680 4028 eum
719 3967 910 4048 receperant
922 3987 930 4042 ;
967 3985 1181 4048 reversusque
1218 3969 1270 4027 est
1307 3984 1412 4048 usque
1448 3964 1492 4028 ad

438 4065 555 4150 Bayon
586 4085 660 4130 curn
694 4064 827 4130 domino
861 4063 1016 4129 Johanne
1053 4064 1095 4129 de
1133 4063 1310 4128 Britannia
1347 4070 1383 4128 et
1421 4069 1492 4130 toto

267 4162 415 4212 nnuman
438 4166 605 4231 comitatu.
661 4164 926 4251 Congregatique
963 4173 1043 4231 sunt
1081 4165 1123 4230 ad
1156 4187 1232 4230 eum
1266 4165 1303 4228 in
1341 4167 1491 4250 sequenti

268 4229 402 4293 Bayonne.
439 4266 689 4353 quadragesima
712 4287 823 4330 ornnes
846 4267 985 4351 dispersi
1009 4273 1044 4331 et
1065 4266 1207 4351 profugi,
1230 4271 1266 4331 et
1288 4266 1324 4330 in
1340 4268 1490 4352 sequenti

438 4371 554 4433 aestate
587 4372 762 4432 moverunt
793 4387 827 4431 se
857 4389 973 4432 versus
1003 4374 1114 4453 partes
1148 4366 1357 4444 'tholosanos
1381 4368 1492 4433 incen-

438 4469 553 4534 dentes
577 4469 674 4533 villas
708 4491 790 4554 quas
813 4474 968 4556 poterant
999 4475 1034 4534 et
1057 4469 1232 4534 saerientes
1262 4467 1381 4554 gladio,
1405 4470 1491 4555 peri-

475 4744 481 4776 ¹
501 4749 590 4802 tom,
604 4745 653 4805 A.;
671 4749 738 4801 tvnc.
750 4743 805 4794 MS.
955 4739 962 4812 Ι
1023 4743 1035 4774 ²
1052 4749 1141 4801 tomen,
1153 4743 1205 4806 ὡς
1224 4748 1284 4801 ton,
1296 4743 1351 4794 MS.
