3625 5784
419 856 485 920 202
769 870 918 921 summor
940 870 1123 920 ιιιιιιιιιιοιι

419 1056 661 1142 permansisset,
686 1055 822 1122 tandem
846 1056 883 1120 in
908 1054 1053 1121 visione¹
1068 1059 1233 1122 nocturna
1254 1055 1412 1141 apparuit
1433 1055 1467 1120 ei

420 1158 555 1243 quidam
598 1158 651 1222 vir
680 1157 874 1244 splendidus
907 1157 944 1222 in
977 1157 1124 1222 vestibus
1154 1157 1250 1242 quasi
1292 1158 1470 1236 deauratis,

247 1267 313 1316 How
324 1265 357 1315 he
420 1259 532 1324 dicens
559 1259 599 1336 ei,
645 1259 763 1339 “Quid
785 1261 869 1324 flesl
915 1259 997 1344 quid
1018 1259 1154 1345 ploras?
1199 1280 1306 1345 surge,
1328 1258 1409 1324 tolle
1432 1264 1467 1324 et

247 1398 356 1462 brought
419 1361 532 1447 “lege
566 1361 730 1477 psalmum
762 1361 1074 1448 quinquagesimum
1095 1362 1251 1447 primum,
1250 1359 1376 1440 2Quid
1396 1361 1467 1446 glo-

247 1473 360 1514 20002180
419 1463 556 1528 “riaris
579 1464 615 1528 in
646 1462 807 1528 malicia?
830 1469 864 1528 et
887 1463 936 1528 ibi
958 1462 1071 1527 videre
1093 1463 1217 1548 poteris
1242 1462 1323 1548 quid
1344 1463 1466 1526 meruit

245 1530 426 1664 pappum(
428 1565 614 1630 ‘dominus
646 1563 750 1630 tuusss’
797 1564 844 1628 At
882 1563 938 1628 ille
977 1564 1226 1650 expergefactus
1264 1585 1286 1626 a
1323 1585 1470 1650 sompno,

419 1666 563 1732 rediit
553 1688 590 1730 m
612 1687 656 1744 se,
680 1672 714 1731 et
736 1665 822 1730 nihil
859 1665 971 1730 boni'
961 1665 1135 1730 mveniens
1168 1665 1204 1729 in
1237 1664 1365 1750 psalmo
1397 1665 1467 1741 illo,

417 1768 560 1835 cessavit
582 1789 603 1833 a
625 1789 720 1854 prece
742 1787 810 1832 sua.

245 1885 315 1953 long
463 1883 552 1962 Quat
553 1904 613 1948 uor
635 1882 754 1947 habuit
788 1880 872 1946 filios
904 1902 965 1945 rex
996 1881 1060 1946 iste
1082 1880 1262 1960 Johannes,
1283 1882 1466 1948 Henricum

245 1953 367 2070 gflffi„
416 1985 542 2051 scilicet
582 1984 839 2072 primogenitum
889 1983 948 2069 qui
981 1984 1012 2048 ei
1049 1985 1205 2050 successit
1236 1985 1274 2050 in
1314 2007 1463 2072 regnum.

416 2088 596 2154 Ricardum
620 2089 677 2173 qui
689 2109 748 2174 per
763 2107 951 2174 processum
967 2087 1150 2173 temporis
1140 2109 1177 2152 ιιι
1192 2110 1303 2174 regem
1312 2087 1469 2155 Aleman-

244 2197 314 2250 Four
325 2211 392 2250 sona
416 2191 481 2264 nice
504 2190 628 2256 electus
651 2195 709 2267 est,
726 2189 930 2254 Willelmum
956 2187 997 2252 de
1014 2188 1191 2267 Walentia,
1211 2195 1245 2255 et
1269 2189 1467 2276 Guydonem

417 2293 578 2378 Dysenay
600 2294 658 2380 qui
681 2298 774 2358 trans
797 2314 887 2358 mare
915 2291 1124 2361 moriebatur.
1172 2291 1335 2373 Quintum
1361 2295 1465 2360 etiam

415 2394 561 2470 habebat
584 2395 747 2472 clericum,
770 2394 828 2479 qui
862 2395 899 2459 in
929 2393 1205 2480 Wyntoniensem
1240 2396 1466 2482 episcopatum

416 2503 585 2584 promotus
617 2503 675 2563 est.
737 2496 816 2562 Tres
851 2496 953 2561 etiam
987 2495 1133 2562 habebat
1164 2497 1258 2563 filias.
1320 2497 1468 2579 Quarum

244 2621 329 2674 Three
415 2620 484 2666 una
528 2599 680 2678 Isabella,
721 2620 795 2686 quse
839 2598 1012 2666 Frederico
1052 2599 1244 2686 imperatori
1289 2601 1368 2666 data
1408 2607 1468 2667 est.

243 2689 390 2757 daughters.
413 2702 529 2770 Altera
559 2724 638 2770 vero
669 2702 783 2768 comiti
817 2701 1020 2780 Marescallo,
1041 2707 1076 2768 et
1108 2703 1210 2768 tertia
1241 2723 1316 2788 quse
1349 2703 1461 2790 primo

414 2806 602 2872 castitatem
647 2808 793 2882 voverat,
846 2823 915 2868 non
960 2807 1074 2869 tamen
1118 2809 1308 2892 susceperat
1352 2805 1464 2871 velum

415 2907 590 2986 castitatis,
614 2906 728 2973 comiti
755 2906 984 2992 Leycestrensi
1016 2905 1145 2972 Simoni
1168 2906 1211 2972 de
1234 2906 1350 2972 Monte
1373 2905 1467 2972 Forti

242 3025 332 3104 thhe
415 3009 592 3094 conjuncta
633 3015 692 3088 est,
731 3008 819 3074 unde
851 3007 957 3074 fertur
988 3008 1172 3073 Robertum
1203 3008 1467 3074 Lincclnicnsem

242 3092 375 3211 {fflss}
416 3113 604 3200 episcopum
622 3113 716 3198 quasi
733 3111 961 3198 exprobrando
977 3111 1100 3176 dixisse
1115 3111 1231 3189 eidem,
1255 3110 1468 3198 “Nunquam

241 3229 364 3290 reproaeh
375 3234 402 3278 ιο
416 3221 433 3252 “
456 3215 615 3301 gaudebis
631 3214 672 3278 de
688 3213 845 3299 progenie
861 3217 922 3277 tua
936 3234 997 3278 nec
1012 3213 1049 3277 in
1065 3234 1105 3278 ea
1119 3213 1294 3291 laetaberis,
1310 3213 1466 3299 qnoniam

242 3307 291 3343 one

242 3360 377 3426 daughter.
415 3323 432 3350 “
456 3315 705 3380 matrimonium
729 3314 784 3378 dei
807 3314 1036 3400 contempsisti
1058 3335 1118 3400 pro
1140 3314 1268 3401 nuptiis
1294 3313 1466 3382 hominis'’

415 3417 460 3482 Et
482 3418 530 3484 sic
552 3417 686 3502 quidem
709 3415 860 3502 contigit,
885 3421 925 3480 ut
946 3420 1041 3502 patet
1063 3418 1099 3480 in
1123 3415 1346 3502 sequentibus.
1369 3443 1374 3451 ·

242 3537 370 3590 Dcathof
461 3517 614 3584 Eodem³
644 3524 792 3604 tempore
815 3517 899 3584 obiit
922 3517 1091 3583 Galfridus
1114 3519 1328 3584 Eboracemsis
1360 3518 1467 3585 archi-

240 3606 378 3736 {limffh'f
415 3621 595 3709 episcopus,
619 3621 675 3687 cui
699 3619 856 3686 successit
878 3619 1047 3686 Walterus
1070 3620 1111 3686 de
1134 3619 1233 3706 Grey,
1257 3627 1467 3688 consecratus

240 3688 334 3801 Your,p
415 3730 467 3790 est
503 3743 590 3789 auno
622 3723 748 3788 domini
787 3737 915 3790 Mccxv
978 3721 1103 3788 Eodem
1141 3722 1269 3789 etiam⁴
1306 3728 1465 3812 tempore,

241 3847 332 3898 sncof
414 3825 539 3892 scilicet
574 3845 662 3890 amm
694 3825 820 3890 domini
852 3841 981 3890 uccxv
1013 3825 1098 3891 obiit
1130 3825 1346 3894 Innocentius
1377 3850 1467 3915 papa

242 3930 308 4031 1³⁰¹>ss
315 3916 395 4032 ffiffl
415 3928 535 3995 tertius
552 3927 606 3993 cui
622 3928 779 3992 successit
793 3927 969 3992 Honorius.
1018 3926 1183 3994 Sublatc⁵
1204 3929 1370 3996 demedio
1388 3953 1466 4017 rege

415 4031 580 4110 «Iohanne,
604 4051 710 4097 comes
733 4029 943 4096 Marescallus
965 4030 1019 4095 vir
1041 4051 1171 4117 magum
1198 4033 1406 4097 auctoritatis
1429 4039 1465 4098 et

412 4155 488 4200 sam
478 4134 634 4202 ‘consilii
657 4133 875 4200 amicabiliter
890 4134 1025 4200 vocavit
1039 4134 1083 4199 ad
1098 4155 1133 4198 se
1149 4138 1239 4201 certo
1262 4134 1316 4201 die
1340 4136 1466 4201 multos

443 4415 538 4464 ¹Hero
574 4428 608 4464 on
642 4411 705 4461 both
739 4407 852 4476 margins
887 4408 912 4457 is
964 4408 1178 4472 Hebrcw,uhioh
1197 4409 1219 4460 is
1236 4409 1357 4462 followed
1375 4410 1404 4462 in
1420 4412 1465 4464 the

414 4493 485 4546 Viso
521 4490 652 4557 cujusdam
685 4487 822 4538 accedatis
853 4493 912 4553 post
965 4488 1072 4555 English
1084 4487 1166 4540 Biblc.

410 4579 511 4624 mortem
523 4571 592 4637 rapis
604 4569 629 4621 J
628 4567 743 4620 ohannis.
996 4567 1007 4600 ⁸
1024 4570 1093 4620 Hera
1109 4584 1143 4618 cn
1159 4568 1222 4619 both
1235 4568 1381 4635 marginsis
1394 4570 1467 4622 otiu

441 4651 453 4684 ²
469 4650 533 4701 This
550 4647 700 4714 numberiug
711 4647 739 4696 cf
756 4647 800 4697 the
811 4647 913 4697 Psalms
967 4645 1106 4711 Galsa-idus
1116 4645 1299 4697 Eboracaasia.

409 4729 431 4781 is
443 4729 580 4794 according
596 4734 623 4777 m
640 4725 683 4777 the
696 4724 844 4790 Septuagint
861 4727 914 4774 and
998 4727 1008 4757 ⁴
1026 4724 1114 4790 οιίαιιι]
1128 4723 1197 4776 irom
1208 4725 1260 4786 A.;
1278 4741 1328 4777 cm.
1340 4727 1400 4780 MS.

411 4809 528 4873 Vulgata,
540 4808 588 4856 but
604 4813 651 4854 not
668 4803 804 4868 according
824 4810 850 4854 to
870 4804 913 4854 the
997 4803 1008 4834 ⁵
1028 4801 1143 4866 Sublato,
1154 4806 1208 4866 Am
1226 4803 1345 4868 Sublata,
1355 4806 1413 4858 ΜΒ.
