3625 5784
407 864 474 931 ³30
741 878 889 929 uuumcr
912 878 1094 928 unrcnron

238 1082 387 1149 Theclergy
408 1068 477 1133 suis
511 1066 749 1153 spoliabantur,
772 1072 807 1133 et
828 1067 955 1132 nullam
983 1068 1151 1133 consecuti
1178 1073 1258 1133 sunt
1286 1067 1462 1154 justitiam,

239 1148 398 1265 ζῗμζζιξᾱ*
409 1190 580 1254 quousque
602 1168 827 1253 redemptione
842 1167 981 1233 facta
954 1190 1001 1233 ers
1024 1168 1119 1233 daret
1105 1174 1160 1233 tur
1178 1170 1270 1256 regia
1291 1170 1463 1256 protectio.

241 1282 390 1333 noredress.
455 1270 526 1334 Rex
552 1270 710 1355 praecepit
728 1276 767 1334 ut
782 1290 895 1335 omnes
919 1270 976 1353 qui
998 1269 1167 1337 habebant
1189 1271 1282 1335 lanas
1304 1278 1339 1337 et
1361 1271 1464 1357 pelles

410 1371 575 1437 cariarent
589 1392 645 1435 eas
661 1372 705 1435 ad
719 1371 867 1436 diversos
881 1377 996 1457 portus
1011 1373 1119 1437 maris
1167 1372 1264 1453 Quod
1279 1394 1353 1438 eum
1376 1371 1464 1489 ipsil

410 1473 573 1551 fecissent,
604 1474 720 1539 minist
720 1473 749 1537 ri
771 1474 859 1560 regis
882 1494 995 1538 omnes
1018 1494 1126 1540 saccos
1157 1475 1242 1539 lanae
1274 1475 1463 1589 quinarium

241 1588 295 1639 ιιι
278 1589 399 1652 ymoe
410 1594 586 1640 numerum
609 1574 804 1641 excedentes
827 1574 915 1639 datis
931 1574 1033 1639 talliis
1055 1574 1099 1639 ad
1122 1596 1204 1689 opus
1225 1576 1311 1661 regis
1333 1596 1465 1660 accepe-

240 1653 372 1784 ξρὲξτξὴᾶ
411 1684 499 1742 runt
543 1677 588 1741 Et
602 1677 645 1743 ab
661 1696 858 1791 unoquoque
873 1672 988 1741 saeco²
1003 1676 1193 1760 quinarium
1208 1698 1383 1743 numerum
1398 1696 1466 1742 non

241 1788 315 1837 wool
411 1779 590 1845 excedente
604 1778 690 1844 ab'
662 1800 710 1842 ers
731 1778 865 1843 nomine
886 1777 983 1843 malae
1006 1777 1097 1843 tolia>
1116 1778 1160 1845 xl
1177 1778 1298 1844 solidos
1321 1784 1463 1845 extorse-

240 1878 323 1927 Th0“
333 1877 382 1927 ⁸*ss
410 1886 497 1945 runt
544 1880 589 1944 Et
604 1879 718 1944 multae
741 1879 968 1965 oppressiones
991 1878 1169 1944 fiebant³
1160 1901 1196 1943 m
1219 1880 1307 1946 huno
1330 1881 1464 1945 modum

240 1943 326 2084 ‘tibba
411 1982 448 2046 in
485 1980 615 2067 populo.
676 1980 773 2044 Rex⁴
802 1980 921 2045 babuit
952 1981 993 2046 de
1029 1980 1178 2066 quolibet
1207 1982 1369 2047 comitatu
1398 1982 1464 2048 duo

242 2100 381 2151 exactione
411 2083 518 2149 millia
555 2081 723 2169 quarteria
759 2081 920 2147 frumenti
958 2087 993 2147 et
1029 2083 1169 2148 totidem
1204 2084 1245 2149 de
1278 2085 1394 2149 avenis
1430 2090 1465 2150 et

410 2208 525 2253 carnes
547 2186 650 2251 salsas
672 2184 827 2249 similiter
848 2185 890 2249 ad
914 2206 1050 2271 gravem
1074 2184 1319 2271 oppressionem
1341 2187 1464 2273 populi,

410 2290 568 2356 videlicet
598 2289 757 2374 porcinas,
787 2287 937 2365 bovinas,
960 2288 1114 2353 vaccinas
1140 2288 1323 2354 multorum
1353 2289 1464 2367 salsas,

410 2392 504 2457 nulla
525 2391 689 2456 solutione
711 2389 866 2474 cuiquem
888 2389 967 2455 indo
989 2389 1084 2455 facta.

243 2494 399 2547 Pellenen
456 2494 498 2557 In
529 2492 616 2558 festo
650 2491 756 2557 sancti
793 2489 949 2557 Matthaei
985 2491 1127 2575 apostoli
1160 2493 1358 2577 quibusdam
1389 2513 1467 2559 oon·

240 2561 360 2693 qqrsyun·
410 2594 536 2661 vocatis
559 2592 777 2680 optimatibus
800 2591 893 2678 regui
916 2590 1039 2676 absque
1066 2591 1152 2658 clero
1175 2614 1234 2658 rex
1257 2595 1367 2659 tenuit
1389 2614 1464 2681 par·

409 2694 605 2761 liamentum
628 2714 726 2758 auum
741 2692 830 2779 apud
853 2691 1106 2777 Salysbyriam,⁵
1130 2694 1187 2759 ubi
1210 2696 1341 2781 rogavit
1367 2718 1464 2782 quos-

410 2796 487 2862 dam
510 2800 740 2881 magnatorum
762 2799 801 2858 ut
832 2793 869 2857 in
892 2792 1088 2859 Vasconiam
1113 2796 1373 2863 transfretarent.
1419 2798 1464 2863 Et

410 2902 583 2984 coepenmt
619 2893 770 2983 singuli⁶
809 2916 845 2960 se
882 2916 1062 2975 excusam
1109 2896 1365 2984 indignatusque
1404 2921 1463 2965 rex

409 2998 673 3066 comminabatur
704 2996 902 3083 quibusdam
937 3017 1050 3062 eorum
1081 2998 1135 3063 vel
1168 3001 1257 3084 quod
1290 3002 1378 3066 irem
1410 3000 1464 3067 vel

409 3100 497 3186 quod
531 3105 635 3166 terras
669 3119 783 3164 eorum
815 3098 910 3163 daret
939 3097 1014 3163 aliis
1044 3099 1092 3163 ire
1115 3101 1326 3182 volentibus;
1359 3108 1394 3168 et
1427 3102 1464 3167 in

409 3202 471 3269 hoc
494 3202 595 3267 verbo
628 3198 843 3266 scandalizati
877 3204 958 3264 sunt
991 3200 1099 3279 multi,
1123 3206 1157 3267 et
1188 3202 1330 3269 schisma
1361 3204 1464 3291 eoepit

409 3304 489 3369 oriri
518 3304 691 3369 intereos.
747 3302 864 3367 Comes
898 3301 1000 3366 etiam
1027 3302 1261 3370 Mareschallus
1292 3309 1326 3370 et
1357 3326 1464 3371 comcs

409 3404 598 3469 Herfordiae
621 3405 864 3468 excusaverunt
896 3423 941 3479 se,
968 3402 1123 3481 dieentes,
1150 3405 1239 3490 qood
1268 3404 1373 3472 officia
1402 3426 1464 3473 aua

240 3510 308 3561 Rctu
309 3508 388 3559 salet
409 3528 484 3591 quae
508 3505 620 3571 sibi
605 3526 681 3589 Jure
718 3503 928 3569 haereditario
950 3506 1183 3590 competebant
1215 3506 1357 3573 libenter
1378 3507 1463 3575 sace·

239 3575 352 3691 ’Ἢέ
408 3612 485 3673 rent
517 3606 626 3671 eundo
659 3626 735 3670 cum
768 3605 841 3689 ipso
872 3626 956 3691 rege.
1003 3606 1194 3692 Iterataque
1216 3630 1310 3693 prece
1333 3610 1463 3695 rogavit

240 3708 346 3758 mutue
409 3730 470 3773 rex
491 3708 645 3773 comitem
680 3705 932 3771 Mareschallum
956 3712 996 3771 ut
1022 3707 1095 3787 iret,
1119 3708 1164 3773 Et
1194 3710 1285 3790 ait,‘
1285 3710 1463 3777 ‘Libenter

239 3774 426 3890 εῆζξθςὶμ
452 3814 560 3875 tecum
593 3808 723 3884 vadam,
747 3828 767 3871 o
798 3828 868 3884 rex,
895 3808 1108 3925 praecedendo
1141 3810 1258 3876 faeiem
1295 3818 1387 3877 tuam
1425 3814 1462 3878 in

239 3908 426 4023 ξὲῑᾶζΜΝ
450 3912 520 3977 acie
541 3910 658 3996 prima,
680 3908 768 3973 sicut
793 3908 877 3973 mihi
907 3911 1066 3995 competit
1092 3911 1168 3997 jure
1198 3912 1462 3980 haereditario.”⁷

238 4056 305 4105 eouy

442 4166 518 4230 lipsi
529 4162 764 4215 standsaberetbe
776 4161 908 4212 ussus.
992 4166 1003 4197 ⁴
1022 4166 1090 4217 llere
1102 4182 1135 4217 on
1146 4166 1190 4218 the
1203 4168 1302 4235 margin
1314 4168 1345 4219 οἰ
1353 4170 1387 4221 Δ.
1399 4172 1461 4236 only

440 4245 538 4295 'llere
560 4258 594 4293 ou
616 4242 678 4292 both
701 4240 909 4307 marginata
959 4242 980 4293 is
1004 4242 1064 4293 Rex
1086 4243 1178 4295 lubuit
1197 4262 1288 4297 earnes
1302 4247 1461 4312 sumntum

408 4323 606 4391 maureceni-e
626 4320 743 4383 aeqroentt
769 4336 816 4369 rex
843 4321 909 4381 cepo
958 4320 1058 4371 etalio.

407 4402 491 4466 lanua
503 4402 585 4452 ubere
596 4400 641 4451 the
651 4398 735 4450 writer
746 4398 775 4448 ol
787 4398 831 4449 the
842 4414 909 4447 mar-
991 4396 1002 4429 ὅ
1019 4398 1164 4463 Satiatur-y,
1176 4402 1232 4451 MS.

407 4481 453 4549 gin
472 4483 519 4531 has
541 4480 619 4529 taken
637 4478 673 4529 sl.
689 4494 710 4529 s.
729 4477 782 4541 (te.
799 4476 907 4540 solidor)
990 4477 1087 4529 ‘llere
1107 4495 1140 4529 on
1159 4482 1221 4531 both
1239 4480 1462 4547 margimiaDr'r·

407 4562 450 4612 for
460 4558 657 4625 quadragesim
667 4559 778 4622 sequenti
790 4580 815 4600 =
827 4556 854 4607 iu
864 4558 908 4608 the
957 4560 1040 4609 amic
1052 4558 1210 4623 interrepere
1222 4565 1246 4609 et
1257 4562 1362 4613 comiter.

407 4638 539 4703 following
549 4638 625 4689 Iane.
990 4636 1170 4703 ²hereditare,
1181 4639 1238 4691 MS.

442 4718 454 4752 ⁸
463 4716 579 4783 flebunt]
593 4716 695 4768 vritur
713 4732 774 4768 orer
794 4715 910 4767 thelim

407 4796 436 4847 iu
447 4794 504 4848 MS.
514 4794 542 4845 in
554 4812 570 4846 a
580 4797 645 4848 later
654 4796 732 4847 baud.
