3625 5784
433 884 498 950 396
788 898 935 949 usurum
958 899 1142 950 nurenrou

431 1087 565 1174 grinuru
604 1109 639 1152 se
678 1085 778 1151 linxit
816 1087 851 1150 in
883 1085 988 1151 Terra
1024 1091 1148 1163 sanata,
1180 1087 1292 1154 dioens
1330 1111 1364 1155 se
1402 1091 1488 1156 velle

432 1189 593 1276 proficisci
618 1189 661 1253 ad
685 1188 809 1254 curiam
841 1189 1056 1274 apostolicam
1083 1189 1125 1253 ob
1147 1210 1280 1254 causam
1303 1191 1488 1257 voeationis

431 1313 499 1356 suae
532 1291 575 1355 ad
611 1291 720 1355 sedem
751 1289 1031 1367 Dunblanensem,
1053 1291 1216 1376 petiitque
1238 1292 1282 1355 ab
1305 1291 1377 1378 ipso
1411 1316 1487 1379 rege

430 1392 543 1458 literas
566 1393 779 1459 conductivae
802 1397 841 1456 ut
863 1392 956 1458 selvo
979 1393 1109 1458 veniret
1131 1394 1174 1459 ad
1196 1415 1272 1458 eum
1296 1401 1331 1460 et
1351 1395 1487 1480 pacifice

431 1493 622 1578 loqueretur
653 1515 728 1560 oum
762 1515 808 1560 ee.
856 1494 953 1573 Quod
975 1515 1050 1560 eum
1073 1494 1114 1559 de
1141 1494 1233 1561 facili
1267 1495 1486 1583 impetrasset,

431 1619 541 1686 regem
567 1597 669 1672 adiit,
700 1601 734 1660 et
756 1594 890 1682 peeiliee
914 1595 995 1680 quid
1017 1596 1155 1680 loquens
1189 1600 1306 1683 utpote
1340 1597 1484 1664 multum

262 1681 365 1734 ”dm
430 1700 556 1765 habens
582 1698 724 1784 pectoris
746 1701 780 1761 et
803 1697 972 1772 sermonis,
995 1697 1042 1761 sie
1065 1697 1260 1783 impetravit
1281 1703 1322 1764 ut
1343 1698 1421 1764 hine
1451 1707 1486 1765 et

261 1750 350 1882 ill?
361 1756 389 1799 to
429 1800 506 1866 inde
537 1801 579 1866 ad
611 1805 716 1865 oertoe
740 1797 827 1862 diem
851 1802 885 1862 et
909 1798 1016 1864 locum
1039 1798 1106 1862 viri
1128 1798 1256 1884 paeifiei
1287 1805 1322 1866 et
1351 1800 1484 1866 disereti

261 1884 394 1998 aboutbeae
430 1900 667 1978 mitterentur‚¹
691 1901 748 1986 qui
773 1900 814 1965 de
837 1921 919 1985 paee
941 1900 1041 1986 plena
1064 1900 1118 1965 vel
1140 1901 1259 1966 saltem
1292 1902 1334 1967 de
1366 1907 1485 1990 treuge

262 1963 343 2065 iffi
429 2008 614 2070 tractarent
651 2023 725 2068 oum
760 2001 887 2077 ellectu,
920 2001 1113 2087 fastumque
1150 2000 1226 2067 est²
1263 2004 1322 2068 ita.
1385 2003 1484 2069 Unde

263 2081 417 2214 {mgna
428 2105 554 2170 habitis
585 2127 644 2192 per
673 2104 743 2168 dies
778 2107 922 2188 quatuor
951 2109 987 2168 et
1017 2104 1089 2168 loea
1122 2104 1254 2170 diversa
1285 2106 1484 2171 tractatibus

429 2207 532 2272 variis
562 2211 596 2272 et
626 2205 796 2290 colloquiis
819 2205 934 2270 multis
957 2205 1094 2270 tandem
1116 2206 1151 2269 in
1182 2207 1300 2291 quinto
1322 2207 1376 2272 die
1407 2229 1483 2272 eon·

429 2313 595 2374 venerunt
617 2311 788 2394 magnates
812 2307 984 2392 utriusque
1008 2308 1102 2394 regni
1124 2306 1214 2394 apud
1237 2307 1384 2394 llunay.
1430 2309 1483 2374 Ex

430 2416 524 2497 parte
556 2409 680 2475 seilicet
714 2408 801 2496 regis
840 2407 997 2484 Frenoiae,
1029 2409 1100 2472 dux
1132 2409 1344 2496 Burgrmdiae,
1376 2431 1484 2476 eomes

429 2513 471 2578 de
509 2516 623 2577 saneto
660 2511 772 2588 Paulo,
810 2530 918 2574 eomes
955 2509 996 2574 de
1035 2509 1221 2587 Britannia,
1252 2511 1405 2577 dominus
1442 2512 1483 2578 de

429 2614 522 2691 Nele,
560 2619 594 2679 et
632 2613 802 2699 episeopus
839 2611 880 2676 de
916 2611 997 2676 Ano.
1032 2632 1107 2676 eum
1141 2611 1256 2678 multis
1290 2613 1373 2678 aliis
1431 2614 1483 2679 Ex

260 2687 360 2802 ἓξὲξ
372 2760 399 2802 „t
428 2721 524 2803 perte
562 2715 649 2803 regis
686 2715 879 2802 Anglorum,
916 2714 1084 2778 Antonius
1121 2713 1162 2778 de
1201 2714 1273 2779 Bek
1311 2715 1484 2802 episeopus

259 2820 389 2885 Toumay.
428 2817 662 2884 Dunelmensis
695 2836 769 2881 curu
801 2814 929 2880 caeteris
961 2815 1121 2900 plurimis.
1178 2815 1244 2895 Qui
1282 2817 1381 2882 deum
1414 2839 1483 2903 prae

429 2919 532 2986 oeulis
567 2917 725 2983 hebentes
756 2921 918 3001 tanquam
956 2914 1017 2979 filii
1056 2938 1143 2981 verre
1180 2917 1263 2982 lueis
1300 2924 1336 2983 et
1372 2919 1485 3005 pecie,³

429 3022 625 3108 praeluoidas
648 3022 839 3084 statuerunt
861 3024 997 3104 treugas
1019 3018 1144 3083 scilieet
1162 3018 1331 3084 biennales
1354 3041 1375 3084 a
1397 3020 1484 3086 festo

260 3107 405 3226 fflffi'
429 3125 553 3190 scilieet
591 3119 786 3208 Epiphaniae
825 3119 951 3184 domini
990 3119 1137 3204 ejusdem
1178 3121 1257 3184 anni
1297 3142 1401 3206 usque
1439 3122 1483 3186 ad

260 3242 404 3306 twoymn’
429 3227 516 3291 idem
539 3225 663 3290 festum
687 3222 847 3286 revolutis
874 3221 971 3286 annis
994 3221 1131 3286 duobus.
1179 3220 1224 3285 Et
1246 3222 1334 3306 quod
1356 3223 1482 3307 captivi

260 3315 340 3358 ‘¹⁰⁰⁰‘
428 3327 506 3392 hine
544 3326 621 3390 inde
659 3323 886 3398 redderentur,
924 3322 987 3386 sub
1025 3323 1179 3387 oautione
1218 3327 1339 3398 tamen,
1378 3328 1417 3388 ut
1453 3323 1482 3388 si

428 3429 542 3514 plenas
565 3449 624 3492 rex
648 3431 781 3511 treugas
804 3444 870 3487 non
901 3428 1095 3508 sequeretur
1116 3422 1295 3500 biennales,
1316 3423 1369 3488 vel
1393 3425 1481 3509 quod

428 3551 541 3596 eorum
573 3548 710 3614 corpora
733 3525 786 3590 vel
803 3525 927 3590 saltem
950 3525 1091 3611 pecunia
1113 3525 1175 3589 sub
1198 3526 1351 3590 oautione
1382 3547 1483 3612 expo-

427 3633 493 3697 sita
525 3631 718 3703 solveretur,
752 3630 976 3713 supponentes
1013 3629 1193 3710 utrumque
1232 3648 1342 3714 regem
1374 3632 1409 3691 et
1440 3628 1482 3692 de

426 3733 600 3798 voluntate
634 3751 746 3794 eorum
782 3728 968 3816 obligantes
1000 3748 1056 3792 eos
1089 3728 1124 3791 in
1162 3728 1315 3792 omnibus
1351 3733 1386 3793 et
1423 3749 1482 3815 per

258 3833 414 3914 Bothukingr
427 3833 539 3899 omnia
573 3830 775 3896 ordinationi
815 3828 940 3893 domini
979 3849 1075 3915 papae
1109 3827 1289 3906 Bonefaeii,
1323 3829 1380 3915 qui
1415 3831 1482 3895 dis-

258 3905 392 4020 {fflllilf
427 3935 593 4001 sensiones
615 3930 821 3997 omnimodas
841 3929 1006 3995 audiendo
1023 3929 1203 4004 dirimeret,
1225 3935 1259 3995 et
1281 3930 1347 3995 fine
1369 3930 1482 3999 debito

259 4035 395 4086 ²³²l⁰¹¹⁰f
428 4037 630 4104 terminaret.
695 4033 878 4097 Mittuntur
924 4031 1037 4115 itaque
1081 4030 1242 4096 solemnes
1287 4031 1400 4097 nuncii
1438 4033 1482 4098 ed

259 4103 302 4154 ‘h‘
315 4103 390 4167 ¹³⁰¹*
427 4139 553 4206 curiam
588 4157 682 4224 papae
715 4133 772 4218 qui
799 4133 975 4216 utriusque
997 4131 1084 4216 regis
1108 4132 1277 4216 negotium
1308 4141 1482 4219 exponunt

428 4241 614 4328 diligenter.
668 4235 832 4300 Dominus
863 4238 975 4298 eutem
1013 4253 1101 4318 popa
1135 4233 1260 4297 auditis
1293 4232 1371 4298 hine
1403 4235 1480 4300 inde

427 4341 604 4430 propositis
627 4342 661 4403 et
683 4335 924 4402 communicato
938 4333 1075 4399 oonsilio
1094 4333 1242 4400 decrevit
1264 4339 1299 4400 et
1320 4337 1480 4402 sententi-

427 4445 499 4510 avit
522 4442 558 4507 in
580 4440 668 4506 huno
691 4437 835 4505 modum.

462 4749 469 4781 ¹
488 4748 652 4804 mitterentur,
664 4744 714 4804 A.;
732 4742 929 4802 mittamus.
1010 4738 1124 4803 'portel
1145 4737 1166 4788 is
1186 4737 1263 4789 twiee
1279 4737 1378 4790 written
1396 4739 1423 4791 in
1435 4741 1480 4804 A,

461 4827 471 4860 ²
489 4825 538 4892 eat]
559 4825 625 4875 tronr
637 4825 689 4882 A.;
706 4837 756 4873 om.
768 4821 824 4874 ΜΒ.
978 4819 1023 4869 but
1035 4816 1056 4868 is
1068 4825 1113 4868 not
1124 4817 1151 4868 iu
1163 4817 1221 4870 MS.
