3625 5784
437 889 502 953 402
785 904 934 954 nmmos
957 902 1143 954 rurenses
1188 913 1191 916 ·

436 1089 583 1176 ejusdem
621 1093 708 1180 regis
754 1091 891 1158 Henrici
936 1092 1026 1158 idem
1067 1111 1128 1157 rex
1164 1091 1356 1158 Alexander
1392 1091 1488 1157 venit

436 1191 530 1258 velut
552 1193 677 1258 amicus
699 1197 734 1259 et
768 1194 808 1259 de
830 1194 941 1282 gretia
962 1193 1096 1280 speciali
1119 1197 1178 1260 ete
1227 1193 1273 1260 Et
1305 1198 1382 1280 post
1403 1193 1488 1258 tales

436 1293 596 1360 motiones
619 1317 705 1381 papa
727 1296 895 1384 rescripsit
920 1318 980 1382 per
1002 1294 1118 1372 bullas,
1141 1296 1231 1382 quod
1248 1300 1325 1382 post
1346 1298 1488 1360 mortem

435 1397 521 1484 regis
543 1397 728 1462 Alexandri
758 1419 818 1463 rex
845 1398 977 1485 Angliae
1007 1397 1097 1462 idem
1127 1396 1314 1462 Edwardus
1348 1397 1488 1462 miserat

436 1501 471 1562 et
505 1502 692 1566 attraxerat
723 1521 863 1588 reguum
897 1499 1018 1565 Sootioe
1054 1499 1092 1564 in
1122 1520 1218 1564 suem
1251 1499 1487 1584 subjectionem

436 1619 505 1685 prae
528 1599 658 1667 defectu
680 1601 895 1689 gubernaculi
918 1605 1034 1667 contra
1052 1600 1221 1685 justitiam
1243 1605 1279 1666 et
1298 1600 1487 1666 libertatem

436 1700 595 1767 Romanas
617 1703 768 1780 ecclesiae,
792 1707 826 1769 et
851 1703 940 1788 quod
962 1724 1022 1768 rex
1049 1702 1234 1768 Edwardus
1260 1707 1489 1788 suppresserat

436 1802 589 1888 praeletos
612 1802 731 1870 Scotiae
762 1809 797 1870 et
827 1809 983 1870 tenuerat
1004 1804 1040 1869 in
1063 1824 1125 1870 sua
1145 1803 1349 1890 subjectione
1371 1808 1488 1870 contra

436 1908 562 1970 statum
585 1905 727 1972 ecclcsiae
751 1909 785 1970 et
807 1904 995 1972 libertatern
1018 1905 1163 1973 ecclesias
1185 1905 1353 1972 Romanae.

268 2012 405 2064 Aeouneil
480 2005 553 2070 Rex
591 2007 701 2072 tenuit
737 2011 900 2072 secretum
938 2007 1113 2074 concilium
1157 2007 1248 2093 apud
1281 2005 1486 2073 Lineoluiam

268 2080 383 2196 ἶῗζᾙ
435 2127 534 2192 super
572 2106 695 2172 eisdem
731 2107 889 2186 articulis,
929 2113 964 2174 et
1001 2109 1198 2194 rescriptum
1235 2113 1287 2173 est
1322 2109 1359 2172 in
1397 2107 1488 2174 hunc

435 2199 581 2288 modurn,¹
610 2206 722 2296 quod¹
744 2208 839 2274 illum
863 2209 1042 2277 articulum
1072 2211 1161 2297 quod
1193 2231 1280 2297 papa
1311 2210 1487 2275 mandavit

436 2309 506 2398 regi
530 2310 618 2397 quod
640 2311 790 2378 mitteret
813 2313 951 2378 nuncios
973 2317 1008 2376 et
1038 2316 1267 2398 procuratores
1289 2311 1334 2376 ad
1359 2313 1485 2378 curiam

435 2431 528 2478 suam
544 2411 728 2478 Romanam
744 2420 779 2479 et
802 2413 921 2479 habere
936 2411 1070 2479 deberet
1086 2413 1256 2498 justitiam
1271 2417 1306 2478 et
1322 2413 1486 2478 rationem

435 2514 476 2580 de
514 2514 632 2579 clemio
669 2514 762 2601 regni
801 2514 930 2593 Scotiae,
965 2537 1024 2580 rex
1061 2514 1171 2580 noluit
1207 2514 1404 2600 respondere
1441 2515 1485 2580 ad

434 2616 529 2682 illum
563 2616 749 2694 articulum,
773 2615 831 2681 sed
864 2619 937 2682 tota
970 2613 1131 2682 baronia²
1152 2614 1284 2702 Angliae
1317 2617 1486 2702 rescripsit

266 2721 323 2774 ‘rue
332 2724 415 2775 whole
434 2739 537 2805 papae,
569 2719 657 2804 quod
691 2739 750 2784 rex
776 2717 869 2782 nullo
903 2718 1000 2784 modo
1023 2718 1085 2785 hoc
1117 2717 1248 2784 faceret
1294 2716 1383 2782 Nam
1416 2738 1485 2783 non

265 2790 420 2923 Bffigf'agd
433 2821 583 2887 mitteret
608 2820 664 2906 jus
698 2841 795 2885 suurn
829 2824 899 2884 tem
931 2819 1057 2885 clarum
1087 2825 1123 2886 et
1155 2824 1226 2885 tam
1257 2825 1410 2905 apertum
1447 2819 1484 2883 in

265 2921 410 2974 coniectus
434 2922 535 2988 dubio
573 2927 607 2988 et
644 2921 753 2987 alieno
791 2921 937 2988 arbitrio.
985 2920 1149 2988 Veniente
1183 2927 1331 3007 tempore
1365 2921 1483 2986 Pente·

265 2989 372 3119 fi‘g'ffsso
433 3029 538 3089 costes
570 3045 645 3089 cum
672 3029 791 3111 treuga
814 3021 934 3090 Scotiae
963 3022 1085 3100 finiret,
1107 3044 1167 3088 rex
1189 3022 1374 3088 Edwardus
1407 3043 1483 3088 cum

265 3119 392 3172 inuuere.
433 3125 581 3190 exercitu
615 3146 674 3190 suo
697 3126 846 3211 perrexit
869 3125 905 3188 in
929 3123 1075 3190 Sootiem
1108 3125 1222 3210 ibique
1254 3122 1424 3201 hiemavit,
1449 3127 1485 3189 et

267 3235 396 3316 mering
433 3227 604 3312 perierunt
626 3226 725 3292 multi
747 3227 788 3292 de
811 3225 932 3312 populo
955 3247 1015 3292 suo
1030 3247 1099 3312 pree
1122 3226 1253 3292 defectu
1277 3224 1474 3290 victualium

122 3333 126 3340 ’
265 3311 409 3419 §ffiff
435 3327 481 3393 Et
502 3350 562 3394 rex
585 3328 766 3394 celebravit
788 3327 900 3393 natale
924 3327 1049 3393 domini
1071 3328 1162 3414 apud
1184 3327 1347 3411 Lynliseo.

264 3459 334 3510 gn,
348 3464 420 3512 nor.
476 3429 576 3495 Anno
609 3430 726 3518 gratias
760 3445 888 3496 ucccu.
912 3433 948 3495 et
970 3430 1065 3518 regni
1099 3429 1186 3518 regis
1208 3429 1366 3494 Edwardi
1400 3449 1481 3493 m

432 3551 491 3596 rex
518 3531 703 3598 Edwardus
737 3533 780 3596 sd
803 3531 1000 3597 instantiam
1033 3531 1120 3620 regis
1143 3531 1292 3598 Franciee
1322 3530 1483 3597 concessit

432 3637 566 3721 treugas
582 3653 656 3698 cum
673 3633 780 3700 Scotis
795 3655 899 3720 usque
921 3633 966 3699 ad
980 3632 1101 3698 festum
1116 3633 1265 3699 omnium
1283 3632 1482 3700 Sanctorum

432 3735 620 3819 proximum
643 3756 782 3820 sequens
805 3742 840 3801 et
863 3735 963 3800 rediit
985 3735 1022 3800 iu
1044 3734 1209 3822 Angliam

263 3841 401 3922 lnel‘ope
475 3835 524 3900 Eo
555 3840 701 3923 tempore
735 3836 827 3902 misit
860 3858 948 3923 papa
980 3837 1051 3925 regi
1083 3835 1250 3902 Edwendo
1281 3835 1371 3921 quod
1405 3856 1481 3900 eum

262 3911 402 4092 ἓξὲξξέο
426 3935 563 4021 juvaret
597 3941 712 4004 contra
746 3959 856 4026 regem
888 3936 1039 4004 Francius
1075 3951 1112 4003 et
1143 3958 1299 4026 guerram
1329 3941 1481 4002 moverat

262 4042 303 4093 for
332 4043 355 4092 el
799 4040 807 4053 '
1210 4040 1217 4053 “
1293 4039 1300 4052 “
1451 4039 1458 4052 “

262 4059 373 4226 ᾖφαξῗέ
430 4043 545 4206 {⁰332st
565 4061 652 4206 iffi
687 4038 1482 4227 gffiuffisswpffcssnffltuffaesssnsshg

431 4242 595 4309 miserrmt
625 4242 756 4329 praelati
788 4241 937 4308 Franciae
969 4241 1052 4308 duos
1085 4242 1252 4330 episcopos
1282 4243 1326 4308 ad
1359 4262 1481 4328 papam

430 4344 473 4408 ed
508 4344 731 4411 excusandum
769 4365 823 4409 eos
861 4343 951 4429 quod
984 4364 1051 4410 non
1083 4348 1340 4430 compcmerunt
1370 4364 1481 4410 eoram

427 4466 514 4532 papa
551 4450 679 4513 statuto
713 4445 773 4511 die.
827 4444 908 4511 Post
944 4443 1066 4510 festum
1100 4447 1248 4511 omnium
1282 4444 1481 4512 Sanctorum

460 4745 469 4778 ¹
486 4745 567 4814 quod]
586 4747 773 4812 quosulrss.
975 4745 1108 4892 epm?
1099 4747 1254 4892 &3:3ss
1257 4747 1369 4817 margins
1387 4748 1411 4802 is
1428 4750 1480 4802 Re·
