3625 5784
600 908 868 960 trecassensem
891 909 1105 964 cusonrcon.
1346 901 1386 964 61

332 1107 399 1179 Ipse
430 1124 535 1179 nempe
568 1105 730 1178 stigandus
768 1106 902 1179 ingenita
940 1109 1049 1165 ment-is
1086 1109 1197 1166 duritia
1233 1110 1312 1167 nibil
1348 1111 1385 1169 de

331 1197 448 1268 proprie
470 1195 625 1253 admittere
647 1197 748 1253 voleus
771 1196 935 1269 perjuravit
962 1216 1015 1270 per
1045 1217 1162 1256 omnem
1185 1207 1322 1257 sanctum
1351 1219 1383 1258 se

331 1303 484 1341 nummum
516 1303 576 1342 non
607 1285 723 1352 babere,
746 1285 829 1358 cujus
863 1286 932 1342 fidei
962 1286 1094 1344 obviavit
1125 1289 1203 1361 qued
1231 1290 1307 1347 colle
1330 1308 1381 1346 ex·

330 1373 454 1431 animati
484 1373 615 1448 corporis
646 1375 789 1432 clavicula
820 1375 988 1448 dependens
1018 1395 1193 1449 maram
1226 1397 1317 1452 opum
1349 1380 1382 1434 in

330 1463 524 1520 subterraneis
557 1463 700 1537 specubus
734 1470 915 1537 reperturum
949 1465 1093 1522 indicium
1124 1466 1190 1522 fuit
1248 1468 1383 1541 Depositi

329 1559 398 1609 sunt
420 1553 453 1608 in
475 1553 577 1610 eodem
599 1553 721 1609 oonsilio
743 1555 841 1626 plures
863 1553 992 1627 episcopi
1014 1561 1045 1611 et
1066 1556 1185 1612 abbates
1207 1563 1384 1629 procurante

329 1642 479 1714 potissime
501 1660 570 1714 rege
594 1643 754 1710 Willclmo,
778 1647 812 1700 ut
844 1645 877 1699 in
909 1643 982 1699 locis
1013 1663 1113 1702 eornm
1145 1663 1286 1718 personas
1308 1647 1386 1704 Nor-

330 1731 480 1788 maunieas
503 1732 707 1789 introduceret.
769 1732 894 1802 Quidam
922 1738 1021 1790 autem
1047 1735 1184 1790 arbitrati
1215 1742 1287 1792 suut
1316 1755 1384 1793 eum

331 1820 362 1874 id
395 1821 497 1878 fecisse
522 1821 561 1878 cd
592 1821 733 1892 maiorem
763 1822 848 1892 regni
880 1822 927 1878 sui
959 1823 1219 1882 confirmationem.
1269 1827 1306 1882 In
1329 1826 1385 1882 boc

330 1910 420 1966 etiarn
463 1910 586 1966 consilio
623 1917 740 1966 mactus
785 1911 938 1967 Wlstenus
982 1913 1135 1986 episcopus
1172 1915 1385 1987 Wygorneusis
1453 1958 1457 1964 .

331 1999 470 2070 quasdam
501 2001 695 2072 pomicnes
727 1999 772 2055 sui
804 2002 988 2072 episcopatus
1009 2019 1062 2074 per
1084 2001 1249 2060 Aldredum
1273 2005 1384 2061 Ebora·

331 2106 445 2144 oensem
467 2093 605 2155 retentas,
637 2095 667 2145 et
689 2094 756 2161 poet
777 2087 840 2160 ejus
864 2095 988 2146 mortem
1011 2091 1043 2146 in
1065 2096 1242 2164 potestatem
1271 2097 1386 2166 regiam

331 2177 482 2234 devolutos
497 2183 664 2235 constanter
677 2178 805 2250 reperiit.
845 2181 957 2236 Verum
973 2180 1042 2253 quie
1057 2180 1249 2238 Eboracensis
1264 2183 1386 2240 ecelesia

332 2271 402 2323 tunc
424 2273 507 2323 muts
529 2268 587 2324 suit
609 2285 643 2323 eo
666 2268 743 2339 quod
766 2273 892 2336 vacaret,
915 2268 1063 2326 decretum
1086 2275 1131 2326 eet
1153 2276 1188 2327 ut
1219 2273 1285 2344 ipss
1316 2290 1385 2345 que·

330 2357 392 2412 rela
424 2357 545 2412 interim
578 2361 710 2413 maneret
744 2357 863 2414 intaeta.
921 2359 991 2414 Post
1022 2359 1086 2415 haec
1121 2360 1169 2415 die
1201 2361 1387 2419 Pentecostes

331 2445 409 2518 apud
431 2446 645 2518 Wyndueorem
675 2464 726 2502 rex
749 2445 915 2502 Willehnus
940 2448 1068 2503 contulit
1100 2449 1385 2524 archiepiscopatum

332 2536 542 2591 Eboraceneem
565 2536 684 2592 i'bomae
715 2537 854 2593 senonim
882 2535 1046 2603 Baiocassi,
1069 2539 1134 2594 uiro
1157 2539 1275 2611 quidem
1298 2542 1385 2597 vultu

331 2630 361 2679 et
395 2643 527 2680 sermone
561 2624 647 2692 comi,
671 2625 723 2697 qui
755 2625 886 2696 pulcram
920 2627 1072 2682 eeclesiam
1107 2629 1185 2700 apud
1220 2630 1384 2686 Eboracum

332 2715 504 2780 construxit,
529 2715 684 2770 canonicos
707 2713 824 2780 ditavit,
852 2722 957 2771 cantus
979 2715 1190 2773 ecclesiasticos
1212 2719 1384 2792 composuit.

332 2803 402 2858 Post
435 2804 499 2860 haec
530 2821 592 2870 rex,
615 2803 709 2860 accito
743 2803 780 2860 de
814 2804 998 2860 Normanuis
1022 2806 1186 2863 Itanfranco
1211 2807 1385 2864 Gadomensi

332 2891 445 2960 abbate,
470 2909 577 2964 genere
599 2892 713 2959 Itslico,
738 2892 847 2949 divinis
878 2899 909 2950 et
938 2894 1118 2950 secularibus
1143 2894 1237 2951 literis
1268 2897 1384 2969 peritis·

332 2981 415 3048 simo,
451 2982 483 3036 in
517 2999 616 3038 rerum
653 2982 864 3053 gubernatione
897 2983 1137 3056 prudentissimo,
1173 2983 1221 3040 die
1251 3003 1386 3058 assump-

333 3071 423 3126 tionis
453 3071 547 3127 beatas
585 3070 688 3128 Maria
726 3072 822 3144 ipsum
860 3073 1113 3145 archiepiscopum
1146 3072 1388 3130 cantuariensem

332 3160 497 3226 constituit,
521 3151 579 3216 dc1
602 3159 685 3232 cujus
708 3162 838 3217 moribus
861 3167 891 3217 et
913 3161 1052 3234 insigniis
1074 3161 1199 3218 inferius
1222 3164 1300 3220 circa
1320 3162 1387 3235 ejus

333 3250 445 3304 obitam
476 3239 609 3306 dicetur.¹
668 3249 717 3305 Ad
753 3250 843 3306 istum
875 3250 1073 3307 Mufiuncum
1104 3252 1226 3309 accessit
1260 3253 1387 3310 'I'bomas

334 3337 523 3395 Eborecensis
553 3339 662 3395 electus
693 3357 730 3395 ex
761 3357 841 3396 more
873 3341 1051 3409 sacmudue3
1083 3359 1102 3398 a
1124 3360 1182 3414 quo
1204 3343 1387 3400 hunencus

242 3498 246 3506 ι
333 3429 471 3500 scriptam
502 3427 539 3484 de
576 3427 741 3485 obedientie
779 3447 832 3484 sua
869 3430 1079 3502 professionem
1116 3449 1183 3487 oum
1222 3431 1386 3504 adjectione

330 3515 523 3588 jurisjurandi
545 3518 675 3590 expetiit.
722 3518 849 3574 Thomas
871 3519 1023 3592 respondit
1045 3538 1076 3576 se
1097 3538 1250 3594 nunquam
1272 3523 1304 3578 id
1326 3524 1385 3579 isc·

333 3613 431 3662 turum
464 3607 523 3662 nisi
555 3625 643 3680 super
671 3607 727 3663 hac
753 3626 785 3664 re
809 3609 934 3680 scriptas
956 3610 1144 3665 auctoritates
1166 3616 1218 3666 aet
1240 3631 1385 3682 congruus

333 3695 460 3753 rationes
492 3695 619 3764 audiret,
653 3697 758 3766 quibus
789 3697 821 3753 id
856 3697 919 3753 sine
952 3698 1082 3754 ecclesis
1120 3717 1181 3755 suae
1213 3701 1386 3773 prejudicio

335 3786 427 3842 iacere
449 3785 575 3842 deberet.
621 3785 687 3842 Hoc
707 3791 807 3842 etitem
830 3787 926 3858 magis
948 3805 984 3843 ex
1007 3786 1099 3843 enimi
1115 3788 1282 3859 ignorantie
1296 3809 1385 3863 quem

333 3893 366 3930 ex
389 3875 460 3931 elati
483 3875 604 3948 spiritus
626 3875 789 3948 pertinacia
812 3876 1009 3948 depromebat,
1026 3882 1166 3950 tanquam
1181 3898 1275 3937 novus
1298 3881 1387 3936 bomo

333 3964 451 4036 Angliae
474 3964 695 4020 consuetudinis
717 3982 821 4037 expers
843 3983 878 4020 cc
900 3967 998 4022 verbis
1020 3967 1206 4024 adulatorum
1236 3969 1384 4042 deceptus.

334 4053 374 4108 At
405 4072 473 4110 cum
496 4053 677 4110 hunencus
710 4053 926 4111 rationabiliter
957 4057 1105 4128 postuleta
1138 4059 1300 4126 enodatam,
1324 4077 1386 4116 uon

335 4143 521 4215 adquiescens
544 4143 582 4200 ad
603 4143 668 4200 hse
684 4144 810 4200 Tbomes
833 4144 957 4200 minime
973 4152 1102 4203 meratus
1116 4147 1263 4204 abscessit.
1302 4148 1387 4218 Quod

335 4249 384 4286 rex
421 4232 543 4288 audiens
578 4233 699 4288 moleste
734 4233 815 4299 tulit,
851 4234 1001 4290 aestimans
1039 4235 1236 4291 Ianirancum
1274 4236 1388 4307 injusta

335 4322 419 4387 velle,
442 4327 472 4378 et
507 4321 602 4393 magis
637 4322 759 4379 scientia
791 4341 878 4395 quem
902 4323 1016 4380 ratione
1039 4323 1193 4380 confidere.
1240 4324 1299 4380 Sed
1322 4327 1387 4397 ipse

370 4637 377 4669 ¹
395 4639 425 4688 de
449 4675 455 4689 .
479 4674 485 4688 .
510 4674 517 4688 .
543 4675 550 4690 .
573 4637 681 4702 dicetur,
702 4637 808 4690 omitted
829 4637 854 4688 in
872 4639 915 4699 A„
933 4639 979 4688 but
997 4636 1095 4687 written
1115 4645 1141 4688 at
1161 4639 1204 4690 the
1221 4639 1276 4689 ioot
1298 4639 1327 4690 cs
1343 4641 1389 4694 the

336 4731 406 4782 itte·
