3625 5784
579 902 850 954 nnrcasmnusrs
872 904 1085 955 cnaoumou.
1297 888 1362 957 257

310 1086 430 1153 vinciae
467 1091 663 1157 convocavit
700 1093 864 1178 operarios
910 1092 1033 1157 multos
1071 1096 1106 1156 et
1143 1110 1203 1175 per
1239 1088 1364 1153 fossata

311 1190 418 1255 multa
451 1192 488 1255 in
518 1192 683 1278 profundo
712 1195 842 1260 marisci
873 1194 961 1261 viam
992 1215 1090 1281 quam
1120 1190 1363 1279 praepedierant

312 1292 428 1358 incolae
449 1293 650 1380 fierijussit,
678 1318 847 1383 apponens
869 1297 1001 1361 tabulas
1032 1302 1066 1361 et
1097 1300 1202 1361 crates
1226 1300 1261 1359 et
1292 1292 1364 1358 ficri
1456 1316 1462 1331 ¹

311 1392 435 1460 faciens
457 1398 595 1481 pontes¹
618 1398 655 1462 in
676 1398 841 1483 plerisque
864 1399 954 1463 locis.
994 1397 1204 1483 Ingrediente
1229 1396 1363 1461 tandem

216 1529 221 1537 ·
313 1517 352 1560 eo
394 1498 430 1561 in
468 1499 611 1564 insulam
648 1522 709 1585 per
746 1502 836 1566 viam
881 1522 980 1587 quam
1027 1501 1155 1576 fecerat
1204 1499 1365 1583 fugerunt

312 1597 450 1664 barones
480 1602 616 1686 quidam
641 1602 845 1668 londoniam
872 1610 907 1668 et
936 1624 957 1667 a
987 1601 1271 1666 Londoniensibus
1293 1620 1364 1663 sus·
1377 1614 1505 1680 nugarol

312 1701 400 1785 cepti
423 1708 510 1780 sunt,
533 1704 645 1787 caeteri
661 1726 739 1769 vero
761 1705 977 1770 reddiderunt
997 1726 1039 1779 se,
1064 1702 1189 1767 scilicet
1211 1701 1364 1765 dominus
1377 1682 1527 1798 {fflffim

313 1800 355 1865 de
377 1801 492 1881 Wake,
517 1810 551 1869 et
582 1805 708 1890 Symon
726 1806 862 1891 juvenis
885 1812 921 1871 et
944 1806 974 1869 le
998 1803 1136 1870 Pesches
1167 1802 1268 1868 salvis
1291 1801 1365 1866 vita
1380 1815 1502 1865 unasub-

313 1909 349 1968 et
370 1905 534 1984 membris,
559 1914 594 1973 et
615 1909 703 1994 quod
724 1909 796 1995 ipse
826 1908 916 1973 filius
946 1907 1035 1993 apud
1066 1911 1194 1993 patrem
1226 1907 1365 1969 interce·
1378 1880 1525 1998 ffls’m

314 2005 407 2072 deret
443 2008 486 2072 ad
523 2009 628 2094 ipsius
665 2011 752 2096 regis
789 2012 932 2097 gratiam
970 2008 1065 2095 plene
1108 2006 1365 2093 promerendam.

315 2107 525 2175 Adveniente
547 2111 682 2175 tandem
706 2134 780 2197 rege
803 2134 878 2178 cum
910 2108 1488 2187 consilioLondoniam,ba-110udon

315 2231 410 2274 rones
447 2213 505 2296 qui
543 2212 761 2299 confugerant
791 2214 871 2280 illuc
902 2236 970 2277 una
1008 2234 1082 2279 cum
1120 2211 1201 2296 ipsis
1240 2210 1369 2276 civibus
1381 2179 1527 2294 {fflfflom

315 2315 493 2377 tenuerant
514 2314 628 2380 villam
659 2321 774 2380 contra
804 2337 914 2401 regem
945 2314 998 2378 xla
1029 2313 1155 2391 diebus,
1190 2318 1225 2378 et
1259 2313 1368 2397 ipsum
1381 2311 1482 2387 against
1496 2310 1539 2359 the

317 2413 517 2479 Ottobonem
541 2414 688 2501 legatum
711 2416 769 2501 qui
792 2417 828 2479 in
852 2417 972 2481 turrim
996 2416 1121 2500 regiam
1146 2434 1214 2499 prae
1250 2414 1368 2477 timore
1381 2378 1451 2516 ff&
1499 2466 1524 2514 al

316 2516 519 2604 confugerat,
549 2540 591 2583 ne
621 2519 753 2603 quidem
786 2519 892 2583 exiret
922 2518 1099 2603 diligenter
1128 2516 1369 2582 custodiebant.
1382 2480 1498 2609 103}de

317 2618 464 2683 Tandem
486 2641 565 2685 vero
583 2621 826 2686 interveniente
852 2620 972 2686 comite
995 2620 1209 2685 Gloncestriae
1228 2624 1262 2683 et
1283 2617 1369 2681 mul·
1382 2614 1504 2663 prisoner.

318 2721 363 2785 tis
406 2722 521 2787 amicis
557 2723 696 2799 comitis,
745 2723 868 2808 recepti
907 2728 988 2787 sunt
1032 2722 1067 2785 in
1106 2722 1246 2807 gratiam
1284 2720 1371 2805 regis

317 2821 456 2888 barones
490 2829 525 2887 et
558 2824 655 2900 cives,
679 2823 839 2909 electique
871 2830 952 2889 sunt
981 2828 1124 2909 quatuor
1154 2820 1305 2909 episcopi,
1337 2826 1372 2885 et

318 2931 391 2989 octo
425 2930 595 3011 magnates
625 2927 683 3011 qui
713 2926 805 3011 prius
834 2925 971 2991 fuerant
1000 2924 1164 2989 nominati
1186 2922 1275 3009 apud
1308 2922 1371 2987 Oo-
1384 2912 1521 3029 presuras

318 3027 491 3105 ventriam,
522 3034 562 3093 ut
592 3028 657 3113 ipsi
681 3029 901 3115 interregem
925 3033 960 3093 et
982 3026 1208 3091 exhaeredatos
1231 3026 1372 3090 formam
1395 2994 1521 3043 &90⁸⁰ss-

318 3131 407 3214 pacis
430 3135 465 3194 ot
486 3130 722 3215 redemptionis
744 3131 780 3194 in
802 3129 956 3195 omnibus
975 3129 1174 3194 ordinarent.
1207 3128 1373 3212 Factaque

319 3231 591 3316 pronunciatione
620 3232 657 3296 in
687 3231 772 3295 festo
802 3232 951 3297 omnium
976 3231 1170 3296 Sanctorum
1203 3230 1244 3295 de
1276 3230 1374 3316 plena

319 3332 493 3397 concordia
523 3338 558 3396 et
588 3332 813 3419 redemptione
842 3332 1058 3418 singulorum,
1081 3338 1211 3397 statuta
1234 3337 1285 3397 est
1307 3352 1374 3417 pax

320 3433 424 3519 ipsius
444 3434 530 3519 regis
551 3439 586 3499 et
600 3434 818 3520 praeconizata
832 3457 892 3519 per
906 3439 1012 3499 totam
1029 3435 1204 3519 regionem.
1251 3432 1375 3499 Tenuit

321 3557 380 3600 rex
402 3534 657 3621 parliamentum
677 3558 775 3600 suum
797 3537 834 3599 in
851 3535 977 3602 octabis
999 3536 1106 3603 sancti
1124 3534 1262 3599 Martini
1285 3535 1373 3620 apud

322 3635 527 3723 Merleberg²
548 3658 636 3702 anno
668 3636 747 3723 [1⁰]³
777 3638 871 3723 regni
904 3638 956 3701 sui
981 3643 1015 3703 et
1046 3638 1089 3703 ad
1114 3636 1375 3701 exhibitionem⁴
1389 3644 1502 3696 statutos

322 3740 503 3804 communis
533 3738 676 3823 justitie
710 3740 818 3804 multa
844 3740 927 3805 fecit
949 3744 1086 3815 statuta,
1110 3758 1185 3823 quse
1219 3738 1376 3803 dicuntur
1389 3712 1513 3841 mg

322 3847 451 3907 statuta
474 3842 514 3905 de
537 3842 730 3927 Marleberg.

367 3942 463 4007 ‘'Sub
488 3940 690 4009 lmemorati
720 3942 807 4029 regis
852 3943 958 4008 nostri
1005 3942 1143 4008 Henrici
1189 3942 1377 4028 principatu
1391 3942 1448 3991 'rue
1461 3956 1516 3989 eru-

323 4044 499 4142 suscitavit
539 4043 663 4109 bellum
705 4043 859 4110 dominus
904 4044 1076 4131 episcopus
1111 4042 1376 4109 Christianorum
1390 4008 1451 4059 Μ’

323 4151 437 4211 contra
459 4145 638 4211 Saracenos
660 4144 758 4235 longo
785 4146 857 4233 jam
888 4151 1037 4232 tempore
1060 4144 1264 4231 possidentes
1287 4164 1379 4207 sanc·

323 4248 472 4312 tuarium
505 4248 569 4325 dei,
600 4248 636 4312 id
659 4254 711 4312 est
730 4247 803 4314 loca
826 4254 942 4314 sancta
964 4248 1001 4311 in
1023 4244 1168 4332 quibus⁷
1198 4245 1380 4329 redemptio

357 4422 365 4454 ¹
380 4429 480 4487 pontes,
494 4423 543 4485 A.;
559 4429 659 4489 potens,
670 4421 728 4473 MS.
914 4421 925 4454 ⁴
942 4418 1101 4477 exhibitioni,
1114 4419 1185 4477 MS.;
1203 4416 1297 4467 omisso
1306 4416 1348 4467 ad.

355 4498 367 4531 ²
383 4500 554 4565 Marlebripe,
564 4502 621 4551 MS.
913 4499 996 4549 5Τὶιθ
1017 4500 1035 4547 S
1055 4497 1075 4547 is
1093 4513 1109 4546 a
1127 4498 1244 4548 coloured
1264 4498 1338 4547 letter
1357 4496 1383 4545 in

355 4579 438 4631 ⁸Not
465 4580 493 4630 in
514 4582 598 4631 either
625 4582 689 4641 MS,
718 4581 765 4630 bnt
786 4582 831 4631 the
880 4579 943 4630 both
954 4580 1026 4627 MSS.

324 4658 662 4725 StatuteeofMarlborough
668 4660 832 4724 verepassed
913 4656 1010 4706 ‘Here
1028 4670 1060 4705 on
1073 4655 1135 4705 both
1153 4654 1264 4723 margins
1284 4656 1305 4705 is
1328 4654 1384 4705 Ed·

323 4736 351 4787 in
383 4742 446 4787 luae
472 4740 528 4800 (sec
552 4736 703 4803 Rishunger,
725 4753 750 4803 p.
773 4740 832 4799 to),
879 4734 983 4786 erardus
1010 4735 1142 4801 profectur
1167 4740 1204 4784 eet
1226 4736 1252 4785 in
1280 4736 1386 4785 Terram

323 4815 450 4867 therefore
462 4814 490 4867 in
507 4816 552 4867 the
562 4815 656 4867 maoth
666 4831 729 4880 year
738 4816 769 4867 of
787 4817 831 4867 the
880 4820 994 4868 maetam
1004 4831 1059 4865 eum
1070 4812 1132 4865 aliie
1142 4814 1253 4880 nultra.

323 4893 405 4961 reign.
913 4890 999 4957 ²«pue,
1013 4894 1087 4943 MSS.

429 4999 447 5034 o
479 4988 571 5040 clati.
1229 5004 1252 5051 R
