3625 5784
443 968 508 1030 260
797 979 940 1027 anulum
965 978 1148 1027 KNIGHTON

443 1189 542 1252 quam
565 1189 632 1233 uuo
654 1168 782 1233 miliare
804 1187 826 1232 a
848 1172 943 1232 terra.
984 1166 1090 1232 Erant
1112 1166 1201 1232 enim
1218 1164 1371 1232 maximae
1394 1186 1496 1230 naves

443 1268 582 1354 singulae
615 1270 775 1335 habentes
808 1269 875 1335 duo
898 1268 974 1333 vela
997 1274 1031 1333 et
1058 1289 1157 1353 supra
1187 1267 1322 1332 modum
1357 1270 1494 1331 onusta.

445 1370 681 1457 Veneruntque
712 1371 843 1436 obviam
882 1370 930 1435 eis
968 1392 1010 1434 ex
1049 1374 1145 1454 portu
1184 1368 1332 1435 civitatis
1366 1366 1496 1453 soaphae

273 1488 400 1539 meiere
445 1471 560 1538 multae
597 1481 632 1537 et
669 1495 761 1559 reges
804 1477 838 1536 et
876 1472 1040 1557 principes
1078 1491 1117 1535 ao
1155 1469 1293 1586 majores
1332 1470 1496 1533 exereitus

274 1556 382 1619 eaption.
444 1594 548 1658 usqne
571 1576 615 1640 ad
641 1582 762 1640 terram
786 1573 1014 1661 perduxerunt
1037 1572 1117 1637 bina
1142 1573 1212 1637 vioe
1235 1571 1289 1635 vel
1312 1572 1410 1647 trina,
1437 1570 1494 1633 sed

374 1698 377 1703 ·
443 1700 543 1763 equos
559 1678 655 1743 valde
673 1699 793 1765 paucos
814 1684 848 1742 et
870 1698 962 1743 arma
985 1676 1079 1763 quasi
1101 1676 1202 1742 nulla.
1248 1676 1495 1761 Advesperante

444 1780 574 1844 demum
611 1779 665 1844 die
696 1780 803 1843 movit
835 1801 870 1842 se
905 1800 1003 1856 mare,
1038 1783 1073 1843 et
1103 1779 1214 1843 subito
1238 1783 1311 1843 orta
1336 1784 1387 1841 est
1413 1782 1495 1840 tem-

276 1906 302 1955 A
315 1914 393 1956 surm
444 1887 554 1967 postas
584 1880 766 1945 saevissima
798 1880 847 1958 ita
869 1880 957 1964 quod
981 1878 1102 1945 collisae
1125 1900 1226 1943 naves
1250 1883 1285 1944 et
1318 1878 1493 1945 confractae

275 1974 410 2103 ‘mlv’
444 1984 613 2068 perierunt
635 1988 670 2047 et
701 1982 862 2046 submersi
884 1986 965 2045 sunt
987 1980 1162 2067 plusquam
1185 1988 1317 2047 eentum
1342 2004 1397 2045 xx.
1421 2002 1495 2047 oum

444 2085 537 2169 equis
560 2090 595 2149 et
617 2085 717 2148 armis
740 2091 776 2149 et
797 2082 971 2149 animabus
991 2083 1113 2160 multis,
1134 2084 1298 2169 periitque
1321 2083 1495 2148 thesaurus

443 2185 500 2251 ille
532 2184 708 2251 sceleratus
739 2193 775 2251 εὴ
805 2186 841 2250 in
873 2185 1076 2271 profundum
1109 2186 1209 2249 maris
1241 2186 1406 2252 demersus
1437 2192 1495 2251 est.

445 2286 608 2353 Omnibus
639 2292 751 2353 autem
783 2287 925 2353 navibus
959 2288 1063 2373 ipsius
1102 2286 1259 2352 Edwardi
1297 2310 1370 2373 quae
1402 2294 1497 2353 erant

275 2412 328 2463 But
339 2426 426 2475 speres
446 2389 516 2453 xiii
540 2410 608 2454 non
630 2390 745 2455 nocuit
766 2388 825 2452 illa
848 2393 1033 2473 tempestas,
1057 2408 1116 2452 neo
1139 2388 1238 2474 periit
1268 2410 1309 2453 ex
1340 2390 1388 2453 eis
1411 2410 1497 2452 unus

276 2478 391 2594 ‘md
446 2490 553 2566 homo,
585 2489 793 2575 salvavitque
825 2489 907 2553 deus
938 2490 1048 2553 omnia
1079 2510 1138 2554 sua
1169 2511 1207 2554 eo
1240 2490 1328 2575 quod
1362 2490 1497 2557 oonsilio

275 2560 393 2661 bomo.
446 2593 605 2659 scelerato
639 2614 704 2657 non
742 2597 959 2657 consenserat.
1016 2592 1113 2656 Mane
1151 2598 1264 2657 autem
1302 2591 1389 2659 laeto
1422 2615 1496 2658 eum

445 2694 679 2779 egrederentur
709 2714 821 2757 ornnes
850 2714 943 2777 reges
966 2693 1009 2757 ad
1033 2714 1121 2759 mare
1145 2694 1302 2759 viderunt
1287 2694 1367 2759 tin
1399 2694 1441 2759 lit
1428 2706 1497 2761 tore

444 2796 593 2861 homines
616 2795 800 2860 submersos
823 2799 858 2858 et
880 2816 982 2879 equos
1004 2796 1127 2881 absque
1158 2817 1317 2877 numero;
1340 2797 1497 2862 viderunt

443 2899 575 2983 quidem
608 2903 643 2963 et
668 2897 854 2975 doluerunt,
884 2917 945 2963 neo
977 2897 1096 2960 mirum
1119 2918 1193 2963 cum
1224 2899 1329 2963 tantis
1355 2900 1497 2965 navibus

445 3007 480 3066 et
516 3000 606 3065 mille
644 2998 836 3085 quingentis
869 2998 982 3063 nautis
1014 2999 1137 3083 absque
1176 3001 1341 3065 communi
1375 3002 1496 3087 populo

446 3126 513 3169 non
562 3108 792 3169 remanserunt
834 3102 937 3187 aliqui
977 3102 1041 3165 nisi
1080 3107 1192 3168 nautae
1230 3110 1359 3169 tantum
1401 3105 1499 3169 unius

348 3287 353 3295 .
447 3206 550 3282 navis,
582 3213 617 3269 et
649 3205 697 3269 hii
730 3204 864 3289 quidem
887 3203 950 3269 hoo
986 3204 1090 3269 modo.
1138 3204 1221 3270 Erat
1243 3206 1330 3270 enim
1365 3206 1401 3269 in
1432 3206 1499 3272 alia

447 3308 526 3370 navi
561 3328 629 3372 una
652 3308 739 3372 bona
761 3312 915 3371 matrona
938 3311 973 3370 et
1005 3306 1173 3372 eomitissa
1206 3328 1281 3391 quae
1315 3309 1497 3392 perieulum

278 3425 414 3478 Νιπιιιίιι
447 3408 565 3471 videns
596 3413 632 3472 et
660 3408 751 3492 juste
774 3408 838 3471 sibi
861 3408 992 3483 timone,
1016 3408 1173 3493 quaesivit
1196 3430 1216 3473 a
1238 3409 1350 3474 nautis
1384 3415 1497 3474 utrum

277 3493 367 3622 gf‘hss
379 3556 409 3607 f
448 3508 570 3573 salvari
604 3513 738 3594 possent
769 3509 798 3572 si
830 3508 912 3573 litus
935 3508 1037 3573 maris
1068 3508 1213 3593 arripere
1247 3514 1496 3597 attemptarent

278 3641 327 3675 one
337 3640 410 3675 eraw
449 3611 497 3673 At
513 3609 561 3671 illi
578 3610 827 3725 responderunt,
843 3610 973 3695 quod
948 3632 976 3674 ει
992 3610 1090 3673 fiet
1065 3632 1112 3675 sio
1126 3610 1334 3678 salvarentur
1349 3614 1498 3681 homiues

447 3711 505 3775 aed
520 3711 675 3795 periret
666 3733 739 3796 rpsa
753 3712 858 3776 navis.
904 3712 952 3775 At
968 3711 1056 3787 illa‚‘
1059 3710 1156 3776 ‘Nou
1171 3713 1216 3778 sit
1239 3714 1334 3779 vobis
1355 3736 1433 3781 cura
1456 3718 1497 3783 de

448 3820 465 3846 “
488 3811 579 3890 navi,
603 3813 758 3898 quoniam
789 3814 817 3878 si
847 3813 1020 3879 salventur
1050 3813 1168 3879 animae
1200 3815 1376 3901 duplicabo
1403 3820 1498 3885 vobis

449 3924 466 3949 ‘¹
489 3913 634 4001 pretium
649 3915 745 3979 navis
756 3914 780 3979 :”
803 3914 984 3999 statimque
999 3914 1066 3978 duo
1078 3915 1152 3982 vela
1167 3916 1318 3983 laxantes
1333 3920 1368 3983 in
1383 3921 1497 3999 altum,

448 4039 524 4083 eum
555 4022 651 4081 tanto
682 4016 808 4100 impetu
832 4016 1001 4080 irruerunt
1022 4016 1059 4080 in
1082 4022 1204 4083 terram
1227 4020 1317 4104 quod
1338 4021 1382 4085 ab
1413 4044 1500 4107 aqua

449 4119 550 4183 maris
583 4117 681 4203 longe
719 4122 870 4201 separata
903 4117 972 4181 fixa
1004 4118 1128 4183 mansit
1161 4120 1198 4183 in
1230 4120 1344 4201 litore;
1376 4122 1434 4187 sed
1462 4128 1501 4187 ut

448 4220 673 4305 praedixerant
694 4224 806 4283 nautae
822 4218 856 4281 in
874 4218 956 4283 duas
979 4207 1089 4305 partes
1112 4220 1257 4287 resoluta
1277 4228 1334 4300 est,
1351 4229 1386 4288 et
1399 4224 1501 4290 salvae

448 4321 548 4387 factae
585 4326 666 4385 sunt
702 4340 815 4384 omnes
851 4319 972 4383 animae
1011 4340 1085 4384 oum
1124 4324 1289 4389 contentis
1326 4325 1499 4391 universis.

279 4428 422 4481 Thoother
450 4424 582 4488 Mutato
615 4444 693 4508 ergo
725 4420 892 4506 proposito
923 4422 1045 4485 reversi
1077 4429 1157 4488 sunt
1188 4444 1301 4489 omnes
1335 4448 1428 4513 reges
1464 4428 1499 4492 in

278 4494 437 4641 {enmm
450 4530 555 4591 terras
587 4547 672 4602 suas,
704 4523 882 4588 submersis
905 4527 946 4585 ut
968 4522 1095 4587 dietum
1118 4532 1169 4590 ost
1199 4528 1293 4612 equis
1327 4534 1361 4592 et
1393 4530 1502 4594 armis.

277 4629 366 4696 prinae
451 4628 548 4693 Solus
570 4635 682 4693 autem
706 4626 891 4691 Edwardus
915 4625 1078 4691 hiemavit
1107 4626 1230 4693 ibidem
1261 4651 1334 4695 oum
1359 4631 1502 4697 navibus

280 4696 420 4814 {dmin
451 4732 519 4797 suis
542 4752 625 4816 quas
647 4730 728 4795 deus
752 4728 961 4815 omnipotens
983 4728 1046 4795 sibi
1071 4730 1194 4815 optime
1216 4732 1422 4799 salvaverat.

279 4828 365 4893 Sicily.
