3625 5784
631 876 900 927 ncrcmramsrs
923 874 1135 926 osaorrcor.
1347 860 1412 925 445

363 1063 425 1128 bus
447 1062 634 1128 borealibus
657 1064 770 1129 eodem
795 1070 942 1152 tempore
966 1066 1060 1130 venit
1075 1064 1228 1130 dominus
1243 1062 1414 1129 Johannes

362 1164 432 1229 dux
456 1164 688 1230 Hunaldorum
712 1188 786 1233 cum
809 1167 844 1251 ij.
867 1166 1015 1231 millibus
1038 1167 1186 1234 virorum
1211 1170 1414 1231 armatorum

362 1268 398 1330 in
430 1267 593 1332 auxilium
625 1268 713 1356 regis
747 1268 891 1355 Angliac.
938 1269 983 1333 Et
1017 1290 1091 1335 cum
1124 1268 1293 1333 venissent
1324 1265 1414 1352 apud
1426 1272 1536 1325 Oonfflm

255 1376 259 1381 '
363 1367 549 1434 Eboracum
580 1375 654 1434 orla
685 1375 737 1435 est
774 1369 939 1443 discordia
968 1372 1081 1459 gravis
1119 1371 1207 1435 inter
1241 1342 1549 1473 Hunnldoslffi}

362 1470 462 1533 nimis
484 1471 722 1558 magistraliter
743 1494 777 1535 se
791 1477 944 1559 gerentes
960 1477 994 1537 et
1009 1472 1164 1557 Anglicos
1187 1471 1248 1537 hoc
1271 1471 1414 1536 multum
1427 1472 1475 1523 lish
1486 1468 1537 1523 end

363 1572 606 1638 exacerbantes.
667 1572 818 1637 Hunaldi
856 1596 935 1638 vero
981 1578 1155 1639 noctanter
1192 1596 1225 1638 se
1265 1574 1414 1638 levantes
1426 1538 1568 1656 tfffiffi'iff

365 1671 532 1759 insperate
566 1674 757 1740 occiderunt
779 1674 820 1739 de
842 1673 991 1761 Anglicis
1018 1676 1148 1741 circiter
1173 1696 1233 1740 ccc.
1258 1695 1415 1761 personas
1427 1673 1506 1722 nauli.

366 1772 407 1838 de
441 1775 654 1841 comitatibus
686 1775 867 1842 Lincolniae
901 1781 936 1841 et
968 1776 1245 1864 Northamptonoe
1282 1776 1416 1841 favente

366 1876 479 1963 regina
513 1882 547 1942 et
581 1878 650 1942 suis
684 1876 782 1943 dictis
805 1877 993 1957 Hunaldis;
1023 1879 1202 1964 statimque
1236 1879 1272 1942 in
1304 1878 1416 1943 eodem

366 1981 515 2063 tempore
536 1979 732 2043 nunciatum
756 1985 807 2044 est
829 1979 899 2066 regi
923 1979 1038 2045 Scotos
1061 1980 1234 2059 advenisse
1261 1985 1295 2045 et
1318 1978 1418 2043 fuisse

255 2106 262 2121 ·
366 2080 455 2165 apud
501 2078 781 2168 Stanhopparke.
850 2081 902 2146 Ex
940 2103 1006 2168 quo
1043 2103 1102 2147 rex
1140 2081 1237 2147 laetus
1274 2081 1418 2147 multum

367 2182 502 2248 effectus
536 2184 660 2270 absque
692 2206 786 2250 mora
819 2184 929 2251 tendit
955 2184 1018 2250 iter
1043 2206 1158 2251 versus
1182 2206 1245 2263 eos,
1269 2189 1303 2249 ct
1325 2184 1416 2270 equi-

365 2286 454 2351 tavit
488 2308 526 2351 eo
558 2287 611 2351 dic
643 2308 710 2372 prae
740 2286 861 2352 laetitia
883 2309 965 2351 xxx.
997 2286 1115 2364 leucas,
1146 2292 1180 2351 et
1206 2288 1242 2351 in
1269 2287 1415 2352 crastino
1428 2292 1556 2359 'Phellos

365 2388 443 2453 iecit
465 2388 588 2453 milites
611 2389 741 2455 circiter
763 2410 826 2455 ccc.
849 2410 985 2475 sperans
1009 2389 1075 2454 cito
1098 2410 1173 2454 cum
1190 2388 1297 2479 Scotis
1312 2388 1414 2454 offen·
1427 2360 1580 2492 ffiffifflhe
1618 2474 1619 2477 Ἴ

364 2492 448 2558 dere.
494 2492 542 2557 Et
575 2492 655 2559 fecit
689 2514 813 2558 moram
848 2493 972 2558 ibidem
1005 2514 1060 2556 xv.
1092 2491 1217 2557 diebus,
1264 2492 1308 2556 Et
1335 2494 1508 2557 tuncscm·

365 2616 424 2681 per
453 2597 615 2661 invidiam
647 2618 747 2682 quam
781 2596 884 2682 aliqui
917 2600 1111 2683 magnatum
1143 2594 1302 2682 gerebant
1339 2616 1417 2682 erga

367 2698 552 2775 Hunaldos‚
576 2703 650 2764 tum
673 2719 732 2783 per
754 2698 936 2763 falsitatem
964 2702 998 2761 ct
1024 2696 1243 2783 proditionem
1274 2718 1418 2782 quomm-

332 2814 339 2829 ·
367 2799 445 2865 dam
467 2801 508 2865 de
530 2821 631 2884 reguo
654 2799 745 2866 Scoti
768 2805 946 2864 evaserumt
972 2798 1096 2884 absque
1120 2796 1207 2862 malo
1232 2797 1291 2862 ubi
1321 2802 1419 2863 stete·

366 2908 447 2968 runt
480 2903 529 2970 cir
545 2902 676 2967 umdeti
710 2903 866 2989 undique,
890 2901 973 2967 adeo
1005 2902 1092 2987 quod
1125 2900 1215 2966 illino
1245 2922 1417 2987 nunquam

365 3005 497 3071 abirent
534 3004 600 3070 nisi
637 3004 806 3068 mediante
850 3002 937 3067 falsa
981 3003 1167 3088 proditione
1213 3002 1419 3087 quorundam

365 3107 588 3195 Anglicorum.
634 3106 680 3170 Et
714 3110 893 3191 antequam
919 3104 1010 3171 Scoti
1043 3104 1241 3182 recederent,
1266 3104 1419 3169 dominus

365 3209 509 3275 «Iacobus
540 3208 689 3294 Douglas
723 3229 781 3295 per
815 3207 1036 3273 subtilitatem
1071 3206 1277 3292 quorundam
1302 3206 1419 3294 Angli-

365 3333 478 3376 corum
509 3311 629 3377 ductus
664 3316 714 3375 est
748 3311 784 3375 in
808 3331 877 3375 una
906 3314 1003 3375 nocte
1026 3308 1220 3395 explorandi
1242 3307 1351 3396 gratia
1382 3309 1418 3373 in

367 3414 590 3501 Anglicanum
613 3413 793 3477 exercitum
818 3412 897 3477 dum
920 3410 1054 3498 Anglici
1077 3415 1256 3497 pausarent
1282 3410 1318 3473 in
1349 3410 1417 3475 suis
1431 3414 1571 3465 rheSeota

365 3514 518 3579 tentoriis
541 3515 652 3600 quiete
674 3512 814 3578 somnii¹
837 3513 990 3599 soporati.
1037 3512 1082 3575 Et
1097 3510 1214 3576 accidit
1238 3516 1278 3575 ut
1301 3532 1375 3575 cum
1398 3486 1537 3597 affissut

364 3615 561 3700 quibusdam
594 3616 743 3703 Anglicis
776 3615 1001 3700 perciperetur
1032 3613 1134 3699 coepit
1165 3613 1306 3701 Anglica
1339 3634 1417 3680 voce
1431 3616 1491 3665 ¹0³⁸·

364 3719 506 3784 clamare
538 3718 660 3796 dicens,
684 3717 739 3781 No
762 3717 873 3783 warde
909 3738 929 3781 a
960 3723 1060 3801 seynt
1085 3716 1195 3805 Jorge,
1227 3717 1307 3783 bina
1339 3739 1418 3784 voce

365 3825 425 3885 aut
440 3822 539 3896 trina,
554 3841 592 3884 ao
607 3820 636 3883 si
651 3818 811 3906 Anglicus
826 3824 922 3897 esset,
937 3818 995 3883 sed
1018 3818 1153 3883 tandem
1177 3819 1291 3885 occisis
1313 3819 1418 3907 capel-

365 3922 442 3987 lano
464 3942 525 3987 suo
547 3927 649 4007 atque
671 3924 858 3997 camerario,
880 3920 940 3983 vix
968 3920 1039 4005 ipse
1055 3941 1129 3986 cum
1145 3942 1266 4005 magna
1280 3920 1420 3985 difficul-

366 4028 436 4089 tate
459 4023 575 4089 evasit.
620 4022 713 4087 Tunc
736 4021 835 4087 rediit
866 4043 925 4085 rex
957 4042 1033 4086 cum
1065 4042 1186 4107 magna
1218 4020 1419 4086 desolatione

367 4132 401 4190 et
434 4147 575 4192 moerore
610 4146 671 4210 pro
709 4146 748 4189 eo
779 4124 868 4209 quod
890 4122 1009 4188 melius
1032 4124 1063 4188 ei
1092 4144 1160 4188 non
1193 4130 1351 4189 evenerat
1384 4123 1419 4187 in

367 4250 427 4292 suo
461 4227 651 4313 primordio,
689 4232 725 4292 et
758 4225 862 4290 nimio
900 4225 1026 4311 pudore
1064 4246 1238 4310 percussus
1277 4224 1420 4289 multum

367 4329 520 4395 indoluit.
565 4329 610 4395 Et
632 4328 728 4394 venit
758 4327 963 4394 Lincolniam
987 4326 1046 4392 ubi
1076 4322 1278 4392 celebravit²
1300 4326 1421 4413 porlia-
1434 4338 1590 4389 retirement

367 4436 517 4497 mentum
555 4452 673 4510 Suum?
706 4431 743 4495 in
777 4452 843 4516 quo
874 4429 1050 4517 divulgata
1083 4434 1134 4495 cst
1168 4450 1256 4493 mors
1291 4428 1421 4515 antiqui
1434 4404 1587 4457 ”Lim

402 4734 411 4769 ¹
429 4736 525 4797 wnmii,
536 4736 584 4795 A.;
600 4734 743 4801 solempna,
753 4733 810 4786 MS.
955 4732 966 4764 ²
982 4730 1095 4783 Heroon
1116 4733 1178 4782 both
1196 4731 1307 4801 margins
1319 4732 1340 4786 is
1353 4734 1423 4785 Par.

922 4810 1067 4865 ilementum
1079 4810 1150 4879 opud
1162 4810 1330 4865 lincolniam.
