3625 5784
596 890 867 943 usscssreussse
888 890 1099 944 oueomoos.
1310 876 1377 943 459

158 1070 306 1190 madi?
374 1090 473 1147 Nm
518 1096 564 1146 m
607 1109 685 1149 ¹1⁰V⁰
729 1093 796 1164 ²⁶85
850 1092 995 1149 Edwdo
1039 1092 1259 1165 primogenitus
1305 1110 1377 1149 suus

189 1228 196 1241 ,
215 1232 233 1280 d
330 1179 492 1236 Edwardus
527 1186 652 1253 quartus
689 1187 758 1254 post
794 1187 989 1255 conquestum
1026 1201 1063 1238 ex
1099 1183 1206 1255 regine
1239 1200 1294 1238 sus
1316 1182 1380 1239 filie

161 1229 308 1347 3⁸43&
331 1270 448 1325 comitis
471 1270 679 1327 Huneldorum
701 1270 771 1343 xvij.
793 1271 989 1327 kalendarum
1012 1272 1105 1328 Junii.
1167 1273 1267 1346 quue
1301 1290 1378 1328 enno

158 1387 302 1451 ΜΝ,
331 1359 364 1415 in
408 1360 538 1416 crastino
574 1361 671 1417 suncti
716 1361 805 1419 Luem
843 1366 947 1434 ceptus
986 1369 1032 1417 est
1070 1361 1148 1435 epud
1184 1362 1378 1435 Notynghem

162 1458 235 1506 πω.
332 1449 469 1521 Rogerus
491 1450 528 1505 de
551 1450 670 1506 Mortuo
692 1451 770 1507 meri
792 1451 845 1524 qui
878 1468 910 1507 se
943 1452 1081 1507 comitem
1104 1451 1246 1507 Merchiae
1267 1452 1379 1508 feceret

332 1540 483 1612 eppelluri.
529 1539 661 1613 Indeque
692 1540 860 1597 Londonias
890 1540 999 1596 missus
1034 1538 1149 1611 judicio
1187 1540 1378 1613 parliamenti

331 1628 493 1685 distractus
539 1635 570 1684 et
608 1647 768 1701 suspensus
806 1635 852 1687 est
890 1630 923 1686 in
960 1630 1069 1702 vigilie
1105 1631 1202 1686 sancti
1239 1630 1377 1686 Andreae.

330 1717 492 1774 Eduardus
508 1719 536 1774 le
552 1709 670 1775 Beliot¹
692 1719 773 1775 filius
789 1720 808 1776 J
809 1720 933 1777 chunnis
949 1720 976 1775 le
993 1710 1111 1775 Beliol¹
1127 1720 1274 1791 quondam
1296 1720 1378 1792 regis

332 1808 440 1865 Scotiae
461 1826 530 1864 cum
552 1809 668 1864 modice
689 1828 780 1865 msnu
795 1809 975 1881 Anglorum‚
990 1809 1021 1864 id
1044 1816 1089 1865 est
1113 1808 1226 1865 duobus
1248 1808 1378 1878 milibus,

330 1897 458 1953 intravit
482 1882 616 1954 Scotierd
635 1904 670 1953 ut
693 1917 819 1971 regnum
834 1904 1024 1971 recuperaret
1047 1900 1126 1955 ciros
1149 1898 1269 1954 vincula
1284 1899 1379 1965 Petri,

331 1991 362 2043 et
385 1988 494 2043 occidit
516 1988 555 2042 lx.
578 1988 661 2043 mille
685 1988 842 2045 Scotorum
864 1988 945 2061 spud
967 1980 1171 2045 Gledesmore.¹
1211 1988 1304 2046 Venit
1326 2006 1379 2043 rex

330 2076 451 2147 Angliae
474 2077 506 2133 in
529 2077 674 2133 auxilium
696 2078 777 2149 regis
801 2078 908 2135 Scotiae
944 2083 974 2133 et
997 2077 1112 2135 obsedit
1135 2078 1301 2134 Beruioum
1322 2076 1379 2149 iiij.

331 2166 399 2221 idus
423 2166 510 2232 Julii,
532 2167 582 2223 oui
611 2167 697 2222 miles
728 2167 850 2240 quidem
887 2168 1022 2223 Scotieus
1038 2167 1213 2229 ,willelmus
1237 2167 1274 2222 de
1296 2167 1379 2223 Keth

329 2256 467 2328 promisit
489 2256 569 2328 quod
584 2255 622 2310 ed
637 2261 752 2312 certum
774 2256 852 2311 diem
870 2257 1029 2312 sdduceret
1044 2258 1207 2313 exercitum
1223 2256 1379 2313 Scotorum

330 2346 369 2400 sd
391 2346 585 2417 pugnandum
606 2363 675 2400 cum
698 2364 732 2402 eo
755 2352 786 2401 et
802 2346 839 2401 ed
855 2346 1044 2401 obsidionem.
1060 2346 1378 2411 illem·removenm‚

9 1405 11 1466 t

330 2434 409 2507 quod
424 2435 484 2489 nisi
499 2435 609 2490 feceret
624 2436 695 2490 urbs
710 2435 844 2507 Berwyci
859 2436 925 2507 regi
940 2435 1123 2489 redderetur.
1154 2435 1281 2491 Interim
1299 2434 1380 2491 Sooti

329 2520 450 2579 subdole
473 2524 698 2580 combusserunt
718 2524 751 2579 in
775 2524 910 2597 pertibus
933 2523 1183 2579 Nerthumbrenis
1209 2527 1239 2578 et
1260 2522 1380 2579 obsede-

329 2619 403 2668 runt
417 2619 549 2669 cestrum
564 2614 601 2668 de
611 2613 784 2685 Bemburgh
798 2613 851 2668 ubi
866 2613 972 2685 regine
986 2612 1106 2685 Angliae
1120 2618 1193 2668 tuno
1207 2613 1380 2668 morabatur

329 2703 357 2758 si
379 2704 421 2758 sic
444 2704 544 2759 forsen
569 2703 753 2760 obsidionem
776 2703 900 2760 Berwici
935 2703 1050 2758 solvere
1074 2707 1201 2775 possent.
1248 2702 1380 2757 Tandem

329 2792 378 2851 die
412 2793 543 2864 proefixe,
581 2793 655 2849 hore
685 2810 773 2857 nens,
812 2793 917 2865 pelago
955 2791 1042 2863 pleno
1079 2791 1265 2847 advenerunt
1299 2791 1380 2847 Secti

330 2887 434 2939 eontra
448 2882 562 2953 Anglos
585 2883 617 2937 in
640 2881 683 2953 iij.
709 2882 839 2949 aciebus,
855 2898 956 2938 omnes
983 2881 1098 2954 pedites
1122 2870 1283 2948 distincti?
1304 2880 1378 2952 xiiij.

329 2972 523 3027 kalendorum
546 2971 679 3042 Augusti
709 2990 800 3044 prope
830 2972 996 3027 Berwicum
1025 2969 1058 3026 in
1089 2972 1153 3027 loco
1182 2970 1234 3043 qui
1260 2970 1371 3025 dicitur

329 3061 470 3116 Boothull
496 3059 584 3131 juxte
613 3050 777 3134 Hslydon³
806 3061 858 3132 qui
895 3058 1026 3132 oppressi
1057 3065 1127 3115 sunt
1159 3079 1177 3116 e
1206 3060 1374 3130 sagittariis

329 3150 499 3222 Anglorum
521 3155 552 3205 et
574 3150 703 3206 insecuti
719 3150 756 3204 sb
771 3150 921 3222 equitibus
943 3149 1051 3221 Anglis
1074 3166 1168 3221 usque
1192 3148 1229 3205 ed
1251 3154 1380 3215 noctem,

330 3239 375 3294 ite
397 3239 519 3311 quidem
549 3239 629 3312 quod
658 3238 832 3295 ceciderunt
855 3258 890 3295 ex
915 3228 1039 3295 Scotis⁴
1061 3242 1128 3295 coto
1158 3238 1280 3295 comites
1311 3256 1379 3295 oum

329 3328 411 3384 mille
433 3346 491 3385 cce.
515 3327 665 3401 equitibus
696 3333 727 3383 et
761 3328 798 3383 de
835 3327 947 3402 plebeis
982 3345 1068 3386 xxxv.
1092 3328 1182 3384 mille.
1230 3328 1293 3398 Quo
1315 3330 1380 3385 viso

329 3418 470 3490 oppidani
514 3417 710 3474 reddiderunt
747 3418 914 3473 Berwicum
951 3417 1018 3489 regi
1055 3416 1186 3490 englis,
1225 3422 1256 3472 ct
1301 3418 1380 3490 quod

329 3508 465 3563 mirabile
489 3514 535 3563 est
558 3506 653 3572 dictu,
675 3524 735 3563 non
758 3507 930 3563 ceciderunt
963 3525 999 3563 ex
1021 3512 1107 3580 perte
1129 3506 1297 3579 Anglorum
1319 3506 1379 3563 nisi

328 3614 406 3652 unus
421 3596 519 3662 miles,
534 3614 611 3653 unus
628 3597 769 3668 armiger,
784 3602 815 3651 et
830 3596 880 3668 xij.
897 3598 1020 3669 pedites.
1066 3596 1103 3652 In
1119 3597 1194 3653 festo
1209 3600 1379 3653 sanctorum

328 3686 465 3743 Gervesii
481 3691 512 3743 et
527 3685 677 3743 Prothesii
693 3679 876 3742 Edwsrdus⁶
897 3688 926 3741 le
943 3674 1071 3759 ΒειΙγοΙ6
1094 3703 1181 3742 verus
1204 3704 1257 3742 rex
1274 3686 1381 3743 Scotiae

328 3775 399 3831 fecit
421 3776 594 3847 homagium
627 3775 772 3831 Eduardo
805 3777 871 3848 regi
904 3775 1024 3848 Angliae
1058 3794 1112 3849 pro
1144 3794 1237 3847 regno
1272 3776 1380 3833 Scotiae

328 3864 408 3937 epud
429 3866 549 3922 Novum
583 3864 722 3921 Castrum
756 3882 846 3936 super
881 3866 995 3937 Tynsm
1029 3866 1062 3919 in
1093 3856 1253 3936 proesentis
1284 3864 1379 3921 trium

327 3955 542 4027 episcoporum,
575 3954 729 4019 comitum,
761 3953 917 4019 baronum,
949 3961 979 4009 et
1014 3954 1138 4026 copiosae
1174 3954 1277 4025 plebis.
1339 3956 1378 4010 Et

326 4043 387 4099 cito
409 4049 476 4115 post
500 4044 581 4100 Secti
614 4043 843 4100 rebellaverunt.
887 4042 983 4113 Quem
1015 4044 1052 4098 ob
1085 4060 1150 4099 rem
1183 4060 1237 4097 rex
1258 4041 1380 4115 Anglise

326 4132 382 4189 sub
405 4132 505 4205 gelida
526 4133 625 4190 hieme
648 4132 830 4190 Gelwodism
863 4132 980 4188 intrans
1015 4137 1110 4188 totem
1132 4131 1261 4204 petrium
1284 4148 1378 4205 usque

262 4464 269 4474 ,
357 4403 366 4435 ¹
384 4402 490 4467 Rapiat,
501 4404 580 4467 Higd
910 4400 920 4431 ⁵
937 4401 1006 4451 Here
1022 4392 1060 4451 'on
1078 4399 1177 4466 mer-gin
1194 4401 1225 4452 of
1237 4400 1273 4453 A.
1285 4402 1378 4468 onlyis

355 4481 367 4516 ²
383 4482 507 4543 discincti,
519 4482 598 4547 Higd.
876 4478 1025 4530 Edwardus
1046 4478 1070 4529 le
1089 4478 1188 4545 Balyol
1200 4480 1274 4545 fucat
1296 4479 1368 4535 doma

355 4560 366 4593 ³
382 4558 551 4625 Hclyndom,
562 4558 640 4626 Higd
875 4559 946 4625 pium
955 4558 1009 4623 νομί
1020 4557 1131 4622 Anplioe.

354 4639 366 4671 ⁴
381 4639 451 4690 Here
467 4654 502 4690 on
520 4638 584 4689 both
599 4636 711 4705 margins
722 4635 744 4688 is
757 4634 824 4689 oco
911 4635 922 4670 ⁸
940 4634 1057 4700 Bayllol,
1069 4636 1167 4703 ffigd.;
1185 4636 1289 4703 Bolyol,
1300 4638 1356 4691 Ms.

321 4716 420 4769 meires
431 4718 524 4770 Sootioe
535 4717 619 4769 occisi.
