3625 5784
405 897 470 963 ³³4
744 911 890 961 baumer
913 910 1096 963 numeror

403 1104 489 1178 juxta
528 1106 652 1164 Oarlieel
698 1108 894 1180 perendinans
932 1107 1003 1163 feeit
1048 1107 1169 1163 Petrum
1216 1107 1252 1163 de
1291 1100 1459 1164 Gaviston¹

403 1196 577 1252 familiarem
600 1196 655 1251 filii
676 1198 724 1253 aui
747 1186 905 1253 Edwardi²
928 1202 1038 1252 terram
1059 1195 1179 1268 Anglioe
1202 1195 1343 1267 abjurare.

234 1290 392 1358 TheVirgrn
448 1286 618 1368 ³Quidam
640 1290 750 1355 elerici
776 1291 813 1354 in
836 1289 1000 1355 Vaseonie
1032 1289 1228 1354 itinerantes
1262 1293 1458 1375 tempestate
1470 1306 1581 1371 leysos-

234 1359 380 1475 ,ffiffl
403 1390 544 1477 fulguris
582 1397 617 1455 et
663 1392 807 1457 tonitrui
843 1391 1023 1456 admodum
1068 1390 1177 1455 territi
1217 1373 1570 1456 concineruntfflfflb·

232 1490 307 1553 prom
402 1491 566 1577 hymnum
581 1492 622 1556 de
637 1493 784 1571 domina,
806 1490 906 1557 “Ave
929 1491 1030 1557 man's
1053 1488 1179 1556 stella''
1223 1491 1360 1556 Etcum
1382 1513 1455 1577 per-

232 1558 329 1623 crepy.
402 1594 572 1659 venissent
594 1594 749 1660 adhunc
772 1616 914 1672 versum,
941 1594 1121 1658 “Monstra
1143 1598 1177 1657 te
1199 1613 1268 1658 esse
1292 1593 1457 1670 matrem,''

401 1695 500 1760 beata
522 1696 617 1781 virgo
648 1695 813 1780 quoddam
838 1694 950 1759 velum
985 1716 1083 1780 super
1116 1714 1172 1759 eos
1203 1694 1366 1779 expandit
1394 1694 1456 1759 sub

401 1798 497 1882 eujus
518 1797 636 1862 umbra
658 1797 764 1862 securi
786 1788 1040 1883 permanserunt
1069 1796 1173 1863 donee
1195 1796 1352 1862 transiret
1375 1802 1458 1862 tem·

401 1903 512 1983 pestas
534 1897 592 1962 illa
615 1902 766 1963 tremosa

724 2158 1129 2173 *m

813 2374 925 2461 [CAR
949 2374 1021 2461 VL]
1040 2375 1052 2414 ⁵
1466 2379 1550 2495 Qu.
1562 2380 1611 2431 ool.

402 2569 528 2727 Cum
544 2573 649 2659 igitur
663 2594 722 2659 pro
738 2578 833 2660 parte
856 2580 1037 2639 tractatum
1060 2574 1106 2639 ait
1128 2574 1169 2639 de
1191 2596 1309 2661 guerra
1324 2574 1454 2641 Walliae
1503 2584 1509 2591 '

517 2686 551 2737 et
572 2695 693 2759 guerra
718 2673 838 2739 Seotiae
866 2678 1015 2759 tempore
1045 2673 1145 2758 hujus
1169 2674 1255 2759 regis
1280 2674 1454 2741 Edwardi:

232 2786 351 2839 Wetum
398 2772 521 2839 aliam⁶
550 2796 703 2861 guerram
725 2774 846 2841 Scotiae
877 2795 978 2859 quam
1009 2774 1099 2840 Seoti
1126 2782 1341 2841 exercuerant
1371 2781 1454 2843 tem-

230 2861 337 2969 ξξζπῑξῐ
398 2894 478 2961 pore
500 2876 646 2962 ejusdam
683 2876 841 2941 Edwardi
872 2896 933 2961 pro
967 2876 1033 2941 ista
1055 2876 1127 2941 vice
1158 2883 1332 2955 taceamus,
1355 2879 1455 2943 etad

229 2984 343 3035 between
397 2996 550 3061 guerram
580 2998 664 3062 quar,
686 2977 845 3062 primaevo
867 2983 1015 3062 tempore
1046 2998 1174 3062 guerrae
1197 2978 1335 3057 Walliae,
1366 2978 1455 3045 inter

230 3051 387 3182 {2⁰15de
398 3098 508 3164 regem
538 3079 671 3165 Angliae
702 3078 905 3144 Edwardum
929 3084 964 3144 et
986 3100 1095 3165 regem
1120 3078 1269 3145 Franeiae
1299 3086 1373 3146 orta
1403 3086 1455 3146 est

398 3180 577 3259 redeamus,
616 3202 695 3246 nam
729 3186 769 3245 ut
806 3180 895 3246 infra
932 3182 1071 3267 patebit,
1109 3202 1168 3246 rex
1200 3182 1385 3247 Edwardus
1416 3184 1453 3247 in

397 3281 517 3348 ultima
561 3304 681 3369 guerra
733 3303 795 3347 sua
838 3287 1015 3369 postquam
1060 3282 1298 3369 subjugaverat
1342 3306 1452 3371 regem

398 3382 519 3449 Seotiae
554 3405 629 3450 cum
659 3404 761 3469 reguo
791 3383 940 3469 ejusdem
970 3384 1007 3447 in
1037 3384 1205 3450 redeundo
1237 3386 1273 3449 in
1299 3384 1452 3473 Angliam

396 3504 496 3569 super
517 3484 668 3549 sabulum
693 3483 856 3551 ooeubuit

227 3596 383 3648 A.1>.rsee.
440 3585 540 3649 Anno
578 3585 682 3670 igitur
715 3586 842 3649 domiui
872 3592 1137 3652 uccxcl11.orta
1171 3592 1222 3652 est
1257 3587 1451 3653 execrabilis

225 3687 562 3805 ffiffifmnm
587 3686 676 3752 inter
707 3686 901 3752 marinarios
923 3687 1010 3773 regie
1045 3688 1178 3774 Angliee
1210 3688 1251 3754 de
1283 3689 1455 3775 portubus,

129 3817 131 3820 v
226 3834 306 3869 ma
394 3809 434 3854 ae
455 3790 650 3854 marinarios
673 3790 760 3875 regis
784 3789 932 3853 Franoiae
956 3788 997 3853 de
1021 3788 1235 3867 Normannia,
1258 3790 1319 3855 tali
1342 3792 1447 3858 modo.

225 3887 327 4017 iffi
394 3890 502 3954 Navis
539 3890 690 3975 quaedam
728 3889 769 3955 de
806 3890 968 3976 portubus
1005 3889 1136 3975 Angliee
1167 3892 1203 3954 in
1237 3890 1445 3958 Normannia

225 4018 322 4069 sailors.

428 4142 437 4175 ¹
455 4143 525 4192 Here
533 4157 567 4191 on
575 4141 638 4192 both
648 4140 788 4205 marginsis
798 4140 894 4191 Petrus
981 4140 991 4171 ⁴
1008 4146 1181 4202 conquerunt,
1193 4141 1250 4190 MS.

393 4221 425 4271 de
449 4220 593 4271 caesareus
614 4219 703 4271 exulat
720 4235 787 4269 orno
805 4222 896 4285 pretia
979 4218 1089 4270 ⁵There
1115 4218 1138 4268 is
1165 4234 1200 4268 no
1225 4218 1332 4271 number
1353 4220 1382 4271 of
1405 4221 1449 4272 the

392 4309 502 4349 necem.
912 4296 917 4303 ’
946 4298 1051 4363 chapter
1062 4296 1088 4347 iu
1109 4298 1229 4358 MS.,but
1247 4298 1291 4349 the
1312 4298 1333 4350 C
1353 4298 1374 4349 is
1393 4298 1449 4351 illu-

425 4378 436 4411 ²
451 4378 592 4443 Edwards]
614 4394 663 4430 om.
676 4377 753 4444 Higd.
945 4377 1066 4435 miuated,
1074 4376 1125 4425 and
1136 4374 1163 4424 in
1170 4376 1204 4426 A.
1213 4392 1271 4440 cop.
1284 4382 1299 4426 6
1310 4374 1332 4427 is
1341 4375 1448 4439 writers,

425 4457 436 4489 ³
452 4456 514 4507 This
532 4457 658 4507 nanadre
673 4457 720 4506 hae
740 4457 804 4506 been
818 4454 894 4521 given
945 4455 1043 4521 though
1055 4455 1183 4505 inalater
1194 4456 1272 4506 band.

391 4535 488 4597 before,
499 4534 560 4585 with
577 4551 647 4585 some
666 4533 835 4598 corruptions,
852 4548 894 4584 see
978 4532 1212 4597 “adaequem
1224 4534 1273 4593 A.;
1287 4533 1448 4598 (diemo,

392 4614 482 4673 abore,
502 4629 527 4677 p.
549 4619 605 4663 10³.
646 4613 701 4663 The
719 4619 816 4663 eorreet
838 4618 894 4661 text
944 4614 1000 4663 MS.
1034 4612 1146 4675 Perhaps
1170 4612 1213 4662 the
1234 4613 1310 4662 latter
1331 4627 1392 4677 may
1415 4613 1446 4663 be

392 4692 578 4756 maybemade
591 4700 637 4741 out
651 4690 719 4740 trem
736 4706 752 4739 a
769 4690 895 4755 compari-
945 4698 1029 4740 meant
1049 4698 1076 4740 to
1100 4690 1165 4740 hare
1188 4690 1219 4739 de
1238 4688 1326 4740 before
1350 4688 1378 4750 it,
1401 4690 1447 4739 but

393 4784 439 4819 son
451 4768 480 4819 of
490 4767 535 4819 the
545 4777 595 4819 two
606 4771 698 4833 places.
944 4771 1017 4821 there
1028 4768 1049 4819 is
1061 4784 1095 4819 no
1108 4768 1164 4837 sign
1176 4768 1204 4819 oi
1214 4769 1243 4819 it.
