<?xml version="1.0" encoding="UTF-8"?>
<!DOCTYPE html PUBLIC "-//W3C//DTD XHTML 1.0 Transitional//EN"
    "http://www.w3.org/TR/xhtml1/DTD/xhtml1-transitional.dtd">
<html xmlns="http://www.w3.org/1999/xhtml" xml:lang="en" lang="en">
 <head>
  <title>
</title>
<meta http-equiv="Content-Type" content="text/html;charset=utf-8" />
  <meta name='ocr-system' content='tesseract 3.04.00' />
  <meta name='ocr-capabilities' content='ocr_page ocr_carea ocr_par ocr_line ocrx_word'/>
</head>
<body>
  <div class='ocr_page' id='page_1' title='image "./chroniconhenric00lumbgoog_0217.png"; bbox 0 0 3625 5784; ppageno 0'>
   <div class='ocr_carea' id='block_1_1' title="bbox 430 904 1132 973">
    <p class='ocr_par' dir='ltr' id='par_1_1' title="bbox 430 904 1132 973">
     <span class='ocr_line' id='line_1_1' title="bbox 430 904 1132 973; baseline -0.006 -7"><span class='ocrx_word' id='word_1_1' title='bbox 430 904 496 968; x_wconf 83' lang='lat'><strong>194</strong></span> <span class='ocrx_word' id='word_1_2' title='bbox 777 915 924 964; x_wconf 79' lang='lat' dir='ltr'><strong>nsumor</strong></span> <span class='ocrx_word' id='word_1_3' title='bbox 948 913 1132 973; x_wconf 78' lang='lat' dir='ltr'><strong>uuronrou</strong></span> 
     </span>
    </p>
   </div>
   <div class='ocr_carea' id='block_1_2' title="bbox 261 1098 1485 1292">
    <p class='ocr_par' dir='ltr' id='par_1_2' title="bbox 261 1098 1485 1292">
     <span class='ocr_line' id='line_1_2' title="bbox 430 1098 1484 1189; baseline -0.007 -20"><span class='ocrx_word' id='word_1_4' title='bbox 430 1103 566 1169; x_wconf 83' lang='lat' dir='ltr'><strong>maritos</strong></span> <span class='ocrx_word' id='word_1_5' title='bbox 600 1124 712 1169; x_wconf 89' lang='lat' dir='ltr'><strong>eorum</strong></span> <span class='ocrx_word' id='word_1_6' title='bbox 744 1107 819 1188; x_wconf 91' lang='lat' dir='ltr'><strong>post</strong></span> <span class='ocrx_word' id='word_1_7' title='bbox 849 1105 1039 1189; x_wconf 84' lang='lat' dir='ltr'><strong>perpetrata</strong></span> <span class='ocrx_word' id='word_1_8' title='bbox 1072 1099 1168 1167; x_wconf 84' lang='lat' dir='ltr'><strong>mala</strong></span> <span class='ocrx_word' id='word_1_9' title='bbox 1215 1098 1312 1180; x_wconf 78' lang='lat' dir='ltr'><strong>Quod</strong></span> <span class='ocrx_word' id='word_1_10' title='bbox 1349 1098 1484 1186; x_wconf 91' lang='lat' dir='ltr'><strong>quidem</strong></span> 
     </span>
     <span class='ocr_line' id='line_1_3' title="bbox 261 1202 1485 1292; baseline -0.007 -20"><span class='ocrx_word' id='word_1_11' title='bbox 261 1220 386 1272; x_wconf 75' lang='lat' dir='ltr'><strong>uhiswas</strong></span> <span class='ocrx_word' id='word_1_12' title='bbox 431 1205 547 1272; x_wconf 83' lang='lat' dir='ltr'><strong>extitit</strong></span> <span class='ocrx_word' id='word_1_13' title='bbox 587 1205 786 1292; x_wconf 88' lang='lat' dir='ltr'><strong>principium</strong></span> <span class='ocrx_word' id='word_1_14' title='bbox 820 1210 855 1270; x_wconf 90' lang='lat' dir='ltr'><strong>et</strong></span> <span class='ocrx_word' id='word_1_15' title='bbox 889 1203 981 1292; x_wconf 86' lang='lat' dir='ltr'><strong>origo</strong></span> <span class='ocrx_word' id='word_1_16' title='bbox 1035 1202 1234 1270; x_wconf 86' lang='lat' dir='ltr'><strong>universalis</strong></span> <span class='ocrx_word' id='word_1_17' title='bbox 1276 1223 1404 1290; x_wconf 85' lang='lat' dir='ltr'><strong>guerrae</strong></span> <span class='ocrx_word' id='word_1_18' title='bbox 1450 1205 1485 1265; x_wconf 92' lang='lat' dir='ltr'><strong>et</strong></span> 
     </span>
    </p>
   </div>
   <div class='ocr_carea' id='block_1_3' title="bbox 262 1288 1486 1406">
    <p class='ocr_par' dir='ltr' id='par_1_3' title="bbox 262 1288 1486 1406">
     <span class='ocr_line' id='line_1_4' title="bbox 262 1288 1486 1406; baseline -0.001 -38"><span class='ocrx_word' id='word_1_19' title='bbox 262 1288 387 1406; x_wconf 49' lang='lat' dir='ltr'><strong>{23⁸2th</strong></span> <span class='ocrx_word' id='word_1_20' title='bbox 432 1307 604 1374; x_wconf 76' lang='lat' dir='ltr'><strong>seditionis</strong></span> <span class='ocrx_word' id='word_1_21' title='bbox 637 1329 775 1394; x_wconf 71' lang='lat' dir='ltr'><strong>magna.</strong></span> <span class='ocrx_word' id='word_1_22' title='bbox 825 1305 905 1371; x_wconf 85' lang='lat' dir='ltr'><strong>Fuit</strong></span> <span class='ocrx_word' id='word_1_23' title='bbox 940 1306 1028 1370; x_wconf 86' lang='lat' dir='ltr'><strong>enim</strong></span> <span class='ocrx_word' id='word_1_24' title='bbox 1063 1307 1177 1372; x_wconf 91' lang='lat' dir='ltr'><strong>eodem</strong></span> <span class='ocrx_word' id='word_1_25' title='bbox 1215 1310 1362 1390; x_wconf 87' lang='lat' dir='ltr'><strong>tempore</strong></span> <span class='ocrx_word' id='word_1_26' title='bbox 1397 1303 1486 1368; x_wconf 87' lang='lat' dir='ltr'><strong>inter</strong></span> 
     </span>
    </p>
   </div>
   <div class='ocr_carea' id='block_1_4' title="bbox 262 1407 1603 1496">
    <p class='ocr_par' dir='ltr' id='par_1_4' title="bbox 262 1407 1603 1496">
     <span class='ocr_line' id='line_1_5' title="bbox 262 1407 1603 1496; baseline 0.001 -26"><span class='ocrx_word' id='word_1_27' title='bbox 262 1421 398 1472; x_wconf 69' lang='lat' dir='ltr'><strong>themoii</strong></span> <span class='ocrx_word' id='word_1_28' title='bbox 432 1410 664 1477; x_wconf 78' lang='lat' dir='ltr'><strong>commensales</strong></span> <span class='ocrx_word' id='word_1_29' title='bbox 687 1410 773 1496; x_wconf 82' lang='lat' dir='ltr'><strong>regis</strong></span> <span class='ocrx_word' id='word_1_30' title='bbox 787 1409 1070 1475; x_wconf 74' lang='lat' dir='ltr'><strong>nominatissimum</strong></span> <span class='ocrx_word' id='word_1_31' title='bbox 1085 1410 1165 1475; x_wconf 87' lang='lat' dir='ltr'><strong>baro</strong></span> <span class='ocrx_word' id='word_1_32' title='bbox 1181 1413 1216 1475; x_wconf 90' lang='lat' dir='ltr'><strong>et</strong></span> <span class='ocrx_word' id='word_1_33' title='bbox 1237 1407 1485 1474; x_wconf 74' lang='lat' dir='ltr'><strong>strenuissimus</strong></span> <span class='ocrx_word' id='word_1_34' title='bbox 1598 1445 1603 1452; x_wconf 84' lang='lat'><strong>·</strong></span> 
     </span>
    </p>
   </div>
   <div class='ocr_carea' id='block_1_5' title="bbox 262 1485 1487 2007">
    <p class='ocr_par' dir='ltr' id='par_1_5' title="bbox 262 1485 1487 1804">
     <span class='ocr_line' id='line_1_6' title="bbox 262 1485 1485 1605; baseline -0.002 -27"><span class='ocrx_word' id='word_1_35' title='bbox 262 1485 363 1605; x_wconf 44' lang='lat' dir='ltr'><strong>{iffi</strong></span> <span class='ocrx_word' id='word_1_36' title='bbox 432 1513 526 1578; x_wconf 91' lang='lat' dir='ltr'><strong>miles</strong></span> <span class='ocrx_word' id='word_1_37' title='bbox 542 1511 740 1580; x_wconf 87' lang='lat' dir='ltr'><strong>Eustachius</strong></span> <span class='ocrx_word' id='word_1_38' title='bbox 755 1513 796 1577; x_wconf 93' lang='lat' dir='ltr'><strong>de</strong></span> <span class='ocrx_word' id='word_1_39' title='bbox 811 1511 918 1597; x_wconf 89' lang='lat' dir='ltr'><strong>Vessy</strong></span> <span class='ocrx_word' id='word_1_40' title='bbox 931 1510 1057 1578; x_wconf 88' lang='lat' dir='ltr'><strong>habens</strong></span> <span class='ocrx_word' id='word_1_41' title='bbox 1071 1533 1208 1577; x_wconf 82' lang='lat' dir='ltr'><strong>uxorem</strong></span> <span class='ocrx_word' id='word_1_42' title='bbox 1231 1510 1485 1597; x_wconf 78' lang='lat' dir='ltr'><strong>pulcherrimam</strong></span> 
     </span>
     <span class='ocr_line' id='line_1_7' title="bbox 433 1613 1487 1701; baseline -0.004 -21"><span class='ocrx_word' id='word_1_43' title='bbox 433 1619 467 1681; x_wconf 90' lang='lat' dir='ltr'><strong>et</strong></span> <span class='ocrx_word' id='word_1_44' title='bbox 505 1621 638 1694; x_wconf 80' lang='lat' dir='ltr'><strong>castam,</strong></span> <span class='ocrx_word' id='word_1_45' title='bbox 675 1637 776 1701; x_wconf 90' lang='lat' dir='ltr'><strong>quam</strong></span> <span class='ocrx_word' id='word_1_46' title='bbox 809 1635 884 1682; x_wconf 86' lang='lat' dir='ltr'><strong>oum</strong></span> <span class='ocrx_word' id='word_1_47' title='bbox 919 1613 989 1700; x_wconf 90' lang='lat' dir='ltr'><strong>ipse</strong></span> <span class='ocrx_word' id='word_1_48' title='bbox 1020 1635 1081 1679; x_wconf 83' lang='lat' dir='ltr'><strong>rex</strong></span> <span class='ocrx_word' id='word_1_49' title='bbox 1117 1613 1208 1679; x_wconf 89' lang='lat' dir='ltr'><strong>ultra</strong></span> <span class='ocrx_word' id='word_1_50' title='bbox 1239 1613 1373 1679; x_wconf 90' lang='lat' dir='ltr'><strong>modum</strong></span> <span class='ocrx_word' id='word_1_51' title='bbox 1407 1633 1487 1679; x_wconf 92' lang='lat' dir='ltr'><strong>con·</strong></span> 
     </span>
     <span class='ocr_line' id='line_1_8' title="bbox 433 1715 1485 1804; baseline -0.006 -22"><span class='ocrx_word' id='word_1_52' title='bbox 433 1717 614 1804; x_wconf 88' lang='lat' dir='ltr'><strong>cupisceret</strong></span> <span class='ocrx_word' id='word_1_53' title='bbox 637 1737 697 1784; x_wconf 92' lang='lat' dir='ltr'><strong>nec</strong></span> <span class='ocrx_word' id='word_1_54' title='bbox 720 1716 763 1782; x_wconf 90' lang='lat' dir='ltr'><strong>ad</strong></span> <span class='ocrx_word' id='word_1_55' title='bbox 787 1739 860 1782; x_wconf 90' lang='lat' dir='ltr'><strong>eam</strong></span> <span class='ocrx_word' id='word_1_56' title='bbox 893 1715 1059 1803; x_wconf 86' lang='lat' dir='ltr'><strong>attingere</strong></span> <span class='ocrx_word' id='word_1_57' title='bbox 1090 1720 1202 1802; x_wconf 89' lang='lat' dir='ltr'><strong>posset</strong></span> <span class='ocrx_word' id='word_1_58' title='bbox 1236 1736 1273 1781; x_wconf 91' lang='lat' dir='ltr'><strong>eo</strong></span> <span class='ocrx_word' id='word_1_59' title='bbox 1306 1715 1394 1801; x_wconf 92' lang='lat' dir='ltr'><strong>quod</strong></span> <span class='ocrx_word' id='word_1_60' title='bbox 1425 1733 1485 1800; x_wconf 90' lang='lat' dir='ltr'><strong>per</strong></span> 
     </span>
    </p>

    <p class='ocr_par' dir='ltr' id='par_1_6' title="bbox 266 1815 1486 1904">
     <span class='ocr_line' id='line_1_9' title="bbox 266 1815 1486 1904; baseline -0.002 -22"><span class='ocrx_word' id='word_1_61' title='bbox 266 1837 356 1891; x_wconf 78' lang='lat' dir='ltr'><strong>ofths</strong></span> <span class='ocrx_word' id='word_1_62' title='bbox 435 1817 605 1884; x_wconf 90' lang='lat' dir='ltr'><strong>dominum</strong></span> <span class='ocrx_word' id='word_1_63' title='bbox 637 1839 734 1883; x_wconf 90' lang='lat' dir='ltr'><strong>suum</strong></span> <span class='ocrx_word' id='word_1_64' title='bbox 768 1840 788 1883; x_wconf 88' lang='lat' dir='ltr'><strong>a</strong></span> <span class='ocrx_word' id='word_1_65' title='bbox 818 1823 996 1903; x_wconf 87' lang='lat' dir='ltr'><strong>conspeetu</strong></span> <span class='ocrx_word' id='word_1_66' title='bbox 1029 1817 1134 1904; x_wconf 88' lang='lat' dir='ltr'><strong>ipsius</strong></span> <span class='ocrx_word' id='word_1_67' title='bbox 1155 1815 1287 1902; x_wconf 85' lang='lat' dir='ltr'><strong>longius</strong></span> <span class='ocrx_word' id='word_1_68' title='bbox 1309 1815 1486 1881; x_wconf 86' lang='lat' dir='ltr'><strong>tenebatur</strong></span> 
     </span>
    </p>

    <p class='ocr_par' dir='ltr' id='par_1_7' title="bbox 265 1906 1486 2007">
     <span class='ocr_line' id='line_1_10' title="bbox 265 1906 1486 2007; baseline -0.002 -22"><span class='ocrx_word' id='word_1_69' title='bbox 265 1906 349 1971; x_wconf 63' lang='lat' dir='ltr'><strong>kim</strong></span> <span class='ocrx_word' id='word_1_70' title='bbox 435 1926 470 1984; x_wconf 90' lang='lat' dir='ltr'><strong>et</strong></span> <span class='ocrx_word' id='word_1_71' title='bbox 500 1921 614 2007; x_wconf 85' lang='lat' dir='ltr'><strong>gratis,</strong></span> <span class='ocrx_word' id='word_1_72' title='bbox 645 1919 786 2007; x_wconf 87' lang='lat' dir='ltr'><strong>contigit</strong></span> <span class='ocrx_word' id='word_1_73' title='bbox 808 1920 888 1984; x_wconf 91' lang='lat' dir='ltr'><strong>dum</strong></span> <span class='ocrx_word' id='word_1_74' title='bbox 926 1919 1069 2006; x_wconf 86' lang='lat' dir='ltr'><strong>quodam</strong></span> <span class='ocrx_word' id='word_1_75' title='bbox 1100 1920 1154 1985; x_wconf 92' lang='lat' dir='ltr'><strong>die</strong></span> <span class='ocrx_word' id='word_1_76' title='bbox 1192 1919 1291 1984; x_wconf 92' lang='lat' dir='ltr'><strong>simul</strong></span> <span class='ocrx_word' id='word_1_77' title='bbox 1314 1920 1350 1983; x_wconf 91' lang='lat' dir='ltr'><strong>in</strong></span> <span class='ocrx_word' id='word_1_78' title='bbox 1372 1923 1486 1982; x_wconf 84' lang='lat' dir='ltr'><strong>mensa</strong></span> 
     </span>
    </p>
   </div>
   <div class='ocr_carea' id='block_1_6' title="bbox 264 1979 1483 2105">
    <p class='ocr_par' dir='ltr' id='par_1_8' title="bbox 264 1979 1483 2105">
     <span class='ocr_line' id='line_1_11' title="bbox 264 1979 1483 2105; baseline -0.005 -15"><span class='ocrx_word' id='word_1_79' title='bbox 264 1979 404 2102; x_wconf 51' lang='lat' dir='ltr'><strong>:mem</strong></span> <span class='ocrx_word' id='word_1_80' title='bbox 435 2021 592 2088; x_wconf 88' lang='lat' dir='ltr'><strong>sederunt</strong></span> <span class='ocrx_word' id='word_1_81' title='bbox 614 2045 673 2088; x_wconf 88' lang='lat' dir='ltr'><strong>rex</strong></span> <span class='ocrx_word' id='word_1_82' title='bbox 696 2028 731 2088; x_wconf 90' lang='lat' dir='ltr'><strong>et</strong></span> <span class='ocrx_word' id='word_1_83' title='bbox 754 2021 961 2101; x_wconf 82' lang='lat' dir='ltr'><strong>Eustachius,</strong></span> <span class='ocrx_word' id='word_1_84' title='bbox 977 2022 1066 2087; x_wconf 89' lang='lat' dir='ltr'><strong>vidit</strong></span> <span class='ocrx_word' id='word_1_85' title='bbox 1081 2043 1142 2087; x_wconf 86' lang='lat' dir='ltr'><strong>rex</strong></span> <span class='ocrx_word' id='word_1_86' title='bbox 1164 2022 1303 2088; x_wconf 86' lang='lat' dir='ltr'><strong>anulum</strong></span> <span class='ocrx_word' id='word_1_87' title='bbox 1325 2021 1362 2084; x_wconf 91' lang='lat' dir='ltr'><strong>in</strong></span> <span class='ocrx_word' id='word_1_88' title='bbox 1377 2019 1483 2105; x_wconf 82' lang='lat' dir='ltr'><strong>digito</strong></span> 
     </span>
    </p>
   </div>
   <div class='ocr_carea' id='block_1_7' title="bbox 259 2105 1485 4144">
    <p class='ocr_par' dir='ltr' id='par_1_9' title="bbox 263 2105 1485 2313">
     <span class='ocr_line' id='line_1_12' title="bbox 263 2105 1485 2237; baseline -0.002 -49"><span class='ocrx_word' id='word_1_89' title='bbox 263 2105 416 2237; x_wconf 52' lang='grc' dir='ltr'><strong>Ενζῗξθᾱθ</strong></span> <span class='ocrx_word' id='word_1_90' title='bbox 436 2123 514 2210; x_wconf 90' lang='lat' dir='ltr'><strong>ejus,</strong></span> <span class='ocrx_word' id='word_1_91' title='bbox 538 2129 573 2190; x_wconf 92' lang='lat' dir='ltr'><strong>et</strong></span> <span class='ocrx_word' id='word_1_92' title='bbox 595 2123 813 2210; x_wconf 70' lang='lat' dir='ltr'><strong>apprehendit</strong></span> <span class='ocrx_word' id='word_1_93' title='bbox 837 2146 921 2203; x_wconf 89' lang='lat' dir='ltr'><strong>eum,</strong></span> <span class='ocrx_word' id='word_1_94' title='bbox 945 2125 1114 2202; x_wconf 77' lang='lat' dir='ltr'><strong>discusse</strong></span> <span class='ocrx_word' id='word_1_95' title='bbox 1136 2124 1258 2191; x_wconf 88' lang='lat' dir='ltr'><strong>habere</strong></span> <span class='ocrx_word' id='word_1_96' title='bbox 1282 2123 1485 2191; x_wconf 85' lang='lat' dir='ltr'><strong>consimilem</strong></span> 
     </span>
     <span class='ocr_line' id='line_1_13' title="bbox 355 2210 1484 2313; baseline -0.003 -22"><span class='ocrx_word' id='word_1_97' title='bbox 355 2210 361 2222; x_wconf 65' lang='grc'><strong><em>’</em></strong></span> <span class='ocrx_word' id='word_1_98' title='bbox 434 2225 578 2313; x_wconf 75' lang='lat' dir='ltr'><strong>lapidem</strong></span> <span class='ocrx_word' id='word_1_99' title='bbox 601 2247 697 2312; x_wconf 92' lang='lat' dir='ltr'><strong>quem</strong></span> <span class='ocrx_word' id='word_1_100' title='bbox 721 2225 834 2292; x_wconf 87' lang='lat' dir='ltr'><strong>eodem</strong></span> <span class='ocrx_word' id='word_1_101' title='bbox 869 2225 1009 2293; x_wconf 85' lang='lat' dir='ltr'><strong>artificio</strong></span> <span class='ocrx_word' id='word_1_102' title='bbox 1030 2227 1133 2292; x_wconf 92' lang='lat' dir='ltr'><strong>vellet</strong></span> <span class='ocrx_word' id='word_1_103' title='bbox 1162 2228 1199 2292; x_wconf 91' lang='lat' dir='ltr'><strong>in</strong></span> <span class='ocrx_word' id='word_1_104' title='bbox 1221 2249 1302 2293; x_wconf 88' lang='lat' dir='ltr'><strong>auro</strong></span> <span class='ocrx_word' id='word_1_105' title='bbox 1325 2224 1484 2293; x_wconf 87' lang='lat' dir='ltr'><strong>concludi.</strong></span> 
     </span>
    </p>

    <p class='ocr_par' dir='ltr' id='par_1_10' title="bbox 434 2326 1482 2416">
     <span class='ocr_line' id='line_1_14' title="bbox 434 2326 1482 2416; baseline 0 -24"><span class='ocrx_word' id='word_1_106' title='bbox 434 2330 483 2392; x_wconf 86' lang='lat' dir='ltr'><strong>At</strong></span> <span class='ocrx_word' id='word_1_107' title='bbox 504 2329 560 2394; x_wconf 91' lang='lat' dir='ltr'><strong>ille</strong></span> <span class='ocrx_word' id='word_1_108' title='bbox 596 2328 680 2393; x_wconf 90' lang='lat' dir='ltr'><strong>nihil</strong></span> <span class='ocrx_word' id='word_1_109' title='bbox 713 2328 792 2395; x_wconf 91' lang='lat' dir='ltr'><strong>mali</strong></span> <span class='ocrx_word' id='word_1_110' title='bbox 816 2329 987 2416; x_wconf 88' lang='lat' dir='ltr'><strong>suspicans</strong></span> <span class='ocrx_word' id='word_1_111' title='bbox 1020 2330 1283 2396; x_wconf 86' lang='lat' dir='ltr'><strong>accommodavit</strong></span> <span class='ocrx_word' id='word_1_112' title='bbox 1306 2351 1382 2394; x_wconf 89' lang='lat' dir='ltr'><strong>eum</strong></span> <span class='ocrx_word' id='word_1_113' title='bbox 1404 2326 1482 2414; x_wconf 85' lang='lat' dir='ltr'><strong>regi.</strong></span> 
     </span>
    </p>

    <p class='ocr_par' dir='ltr' id='par_1_11' title="bbox 432 2429 1484 2518">
     <span class='ocr_line' id='line_1_15' title="bbox 432 2429 1484 2518; baseline -0.001 -22"><span class='ocrx_word' id='word_1_114' title='bbox 432 2430 505 2496; x_wconf 86' lang='lat' dir='ltr'><strong>Rex</strong></span> <span class='ocrx_word' id='word_1_115' title='bbox 528 2452 606 2496; x_wconf 92' lang='lat' dir='ltr'><strong>vero</strong></span> <span class='ocrx_word' id='word_1_116' title='bbox 629 2430 734 2497; x_wconf 86' lang='lat' dir='ltr'><strong>accito</strong></span> <span class='ocrx_word' id='word_1_117' title='bbox 757 2430 930 2496; x_wconf 88' lang='lat' dir='ltr'><strong>confestim</strong></span> <span class='ocrx_word' id='word_1_118' title='bbox 953 2453 1063 2518; x_wconf 91' lang='lat' dir='ltr'><strong>puero,</strong></span> <span class='ocrx_word' id='word_1_119' title='bbox 1080 2433 1173 2498; x_wconf 87' lang='lat' dir='ltr'><strong>misit</strong></span> <span class='ocrx_word' id='word_1_120' title='bbox 1187 2455 1264 2499; x_wconf 90' lang='lat' dir='ltr'><strong>eum</strong></span> <span class='ocrx_word' id='word_1_121' title='bbox 1285 2452 1362 2498; x_wconf 89' lang='lat' dir='ltr'><strong>cum</strong></span> <span class='ocrx_word' id='word_1_122' title='bbox 1384 2429 1484 2496; x_wconf 79' lang='lat' dir='ltr'><strong>anrrlo</strong></span> 
     </span>
    </p>

    <p class='ocr_par' dir='ltr' id='par_1_12' title="bbox 431 2533 1483 2622">
     <span class='ocr_line' id='line_1_16' title="bbox 431 2533 1483 2622; baseline -0.001 -24"><span class='ocrx_word' id='word_1_123' title='bbox 431 2533 475 2599; x_wconf 91' lang='lat' dir='ltr'><strong>ad</strong></span> <span class='ocrx_word' id='word_1_124' title='bbox 498 2555 635 2598; x_wconf 83' lang='lat' dir='ltr'><strong>uxorem</strong></span> <span class='ocrx_word' id='word_1_125' title='bbox 659 2533 839 2614; x_wconf 77' lang='lat' dir='ltr'><strong>Eustachii,</strong></span> <span class='ocrx_word' id='word_1_126' title='bbox 863 2535 921 2620; x_wconf 90' lang='lat' dir='ltr'><strong>qui</strong></span> <span class='ocrx_word' id='word_1_127' title='bbox 944 2534 1069 2600; x_wconf 87' lang='lat' dir='ltr'><strong>diceret</strong></span> <span class='ocrx_word' id='word_1_128' title='bbox 1099 2535 1130 2600; x_wconf 92' lang='lat' dir='ltr'><strong>ei</strong></span> <span class='ocrx_word' id='word_1_129' title='bbox 1152 2557 1196 2600; x_wconf 84' lang='lat' dir='ltr'><strong>ex</strong></span> <span class='ocrx_word' id='word_1_130' title='bbox 1218 2540 1313 2622; x_wconf 87' lang='lat' dir='ltr'><strong>parte</strong></span> <span class='ocrx_word' id='word_1_131' title='bbox 1336 2533 1483 2620; x_wconf 87' lang='lat' dir='ltr'><strong>ejusdem</strong></span> 
     </span>
    </p>

    <p class='ocr_par' dir='ltr' id='par_1_13' title="bbox 432 2635 1483 2822">
     <span class='ocr_line' id='line_1_17' title="bbox 432 2635 1482 2714; baseline 0.002 -15"><span class='ocrx_word' id='word_1_132' title='bbox 432 2635 557 2700; x_wconf 88' lang='lat' dir='ltr'><strong>domini</strong></span> <span class='ocrx_word' id='word_1_133' title='bbox 579 2636 641 2714; x_wconf 91' lang='lat' dir='ltr'><strong>sui,</strong></span> <span class='ocrx_word' id='word_1_134' title='bbox 665 2641 703 2700; x_wconf 88' lang='lat' dir='ltr'><strong>ut</strong></span> <span class='ocrx_word' id='word_1_135' title='bbox 726 2657 801 2700; x_wconf 89' lang='lat' dir='ltr'><strong>cum</strong></span> <span class='ocrx_word' id='word_1_136' title='bbox 825 2636 916 2700; x_wconf 90' lang='lat' dir='ltr'><strong>omni</strong></span> <span class='ocrx_word' id='word_1_137' title='bbox 949 2637 1165 2703; x_wconf 85' lang='lat' dir='ltr'><strong>festinatione</strong></span> <span class='ocrx_word' id='word_1_138' title='bbox 1188 2637 1319 2702; x_wconf 87' lang='lat' dir='ltr'><strong>veniret</strong></span> <span class='ocrx_word' id='word_1_139' title='bbox 1340 2637 1382 2702; x_wconf 87' lang='lat' dir='ltr'><strong>ad</strong></span> <span class='ocrx_word' id='word_1_140' title='bbox 1406 2657 1482 2701; x_wconf 90' lang='lat' dir='ltr'><strong>eum</strong></span> 
     </span>
     <span class='ocr_line' id='line_1_18' title="bbox 432 2735 1483 2822; baseline 0.004 -22"><span class='ocrx_word' id='word_1_141' title='bbox 432 2735 636 2803; x_wconf 88' lang='lat' dir='ltr'><strong>Londoniam</strong></span> <span class='ocrx_word' id='word_1_142' title='bbox 661 2737 690 2802; x_wconf 90' lang='lat' dir='ltr'><strong>si</strong></span> <span class='ocrx_word' id='word_1_143' title='bbox 713 2759 789 2802; x_wconf 90' lang='lat' dir='ltr'><strong>eum</strong></span> <span class='ocrx_word' id='word_1_144' title='bbox 811 2758 974 2822; x_wconf 88' lang='lat' dir='ltr'><strong>umquam</strong></span> <span class='ocrx_word' id='word_1_145' title='bbox 1007 2738 1122 2803; x_wconf 90' lang='lat' dir='ltr'><strong>videre</strong></span> <span class='ocrx_word' id='word_1_146' title='bbox 1146 2738 1248 2802; x_wconf 89' lang='lat' dir='ltr'><strong>vellet</strong></span> <span class='ocrx_word' id='word_1_147' title='bbox 1270 2739 1307 2802; x_wconf 92' lang='lat' dir='ltr'><strong>in</strong></span> <span class='ocrx_word' id='word_1_148' title='bbox 1340 2737 1421 2816; x_wconf 88' lang='lat' dir='ltr'><strong>vita,</strong></span> <span class='ocrx_word' id='word_1_149' title='bbox 1444 2759 1483 2804; x_wconf 92' lang='lat' dir='ltr'><strong>eo</strong></span> 
     </span>
    </p>

    <p class='ocr_par' dir='ltr' id='par_1_14' title="bbox 430 2835 1485 3030">
     <span class='ocr_line' id='line_1_19' title="bbox 431 2835 1483 2922; baseline 0.004 -20"><span class='ocrx_word' id='word_1_150' title='bbox 431 2839 520 2922; x_wconf 91' lang='lat' dir='ltr'><strong>quod</strong></span> <span class='ocrx_word' id='word_1_151' title='bbox 553 2839 784 2905; x_wconf 87' lang='lat' dir='ltr'><strong>infirmabatur</strong></span> <span class='ocrx_word' id='word_1_152' title='bbox 818 2840 860 2903; x_wconf 86' lang='lat' dir='ltr'><strong>ud</strong></span> <span class='ocrx_word' id='word_1_153' title='bbox 895 2845 1043 2905; x_wconf 87' lang='lat' dir='ltr'><strong>mortem.</strong></span> <span class='ocrx_word' id='word_1_154' title='bbox 1097 2840 1146 2904; x_wconf 84' lang='lat' dir='ltr'><strong>At</strong></span> <span class='ocrx_word' id='word_1_155' title='bbox 1182 2835 1241 2905; x_wconf 91' lang='lat' dir='ltr'><strong>illa</strong></span> <span class='ocrx_word' id='word_1_156' title='bbox 1278 2839 1350 2905; x_wconf 90' lang='lat' dir='ltr'><strong>viso</strong></span> <span class='ocrx_word' id='word_1_157' title='bbox 1384 2839 1483 2907; x_wconf 80' lang='lat' dir='ltr'><strong>anulo</strong></span> 
     </span>
     <span class='ocr_line' id='line_1_20' title="bbox 430 2941 1485 3030; baseline 0.001 -24"><span class='ocrx_word' id='word_1_158' title='bbox 430 2941 604 3008; x_wconf 76' lang='lat' dir='ltr'><strong>confestim</strong></span> <span class='ocrx_word' id='word_1_159' title='bbox 627 2942 818 3030; x_wconf 84' lang='lat' dir='ltr'><strong>properavit</strong></span> <span class='ocrx_word' id='word_1_160' title='bbox 840 2941 975 3008; x_wconf 90' lang='lat' dir='ltr'><strong>credens</strong></span> <span class='ocrx_word' id='word_1_161' title='bbox 996 2965 1076 3008; x_wconf 90' lang='lat' dir='ltr'><strong>vera</strong></span> <span class='ocrx_word' id='word_1_162' title='bbox 1098 2965 1167 3008; x_wconf 88' lang='lat' dir='ltr'><strong>esse</strong></span> <span class='ocrx_word' id='word_1_163' title='bbox 1190 2964 1264 3028; x_wconf 82' lang='lat' dir='ltr'><strong>quoe</strong></span> <span class='ocrx_word' id='word_1_164' title='bbox 1288 2942 1485 3010; x_wconf 90' lang='lat' dir='ltr'><strong>dicebantur</strong></span> 
     </span>
    </p>

    <p class='ocr_par' dir='ltr' id='par_1_15' title="bbox 429 3043 1483 3232">
     <span class='ocr_line' id='line_1_21' title="bbox 430 3043 1483 3131; baseline 0.004 -23"><span class='ocrx_word' id='word_1_165' title='bbox 430 3043 471 3108; x_wconf 92' lang='lat' dir='ltr'><strong>ei.</strong></span> <span class='ocrx_word' id='word_1_166' title='bbox 517 3044 669 3130; x_wconf 84' lang='lat' dir='ltr'><strong>Contigit</strong></span> <span class='ocrx_word' id='word_1_167' title='bbox 704 3066 780 3110; x_wconf 91' lang='lat' dir='ltr'><strong>vero</strong></span> <span class='ocrx_word' id='word_1_168' title='bbox 815 3045 868 3110; x_wconf 92' lang='lat' dir='ltr'><strong>die</strong></span> <span class='ocrx_word' id='word_1_169' title='bbox 902 3045 1046 3130; x_wconf 86' lang='lat' dir='ltr'><strong>quadam</strong></span> <span class='ocrx_word' id='word_1_170' title='bbox 1080 3045 1161 3109; x_wconf 90' lang='lat' dir='ltr'><strong>dum</strong></span> <span class='ocrx_word' id='word_1_171' title='bbox 1194 3045 1379 3131; x_wconf 85' lang='lat' dir='ltr'><strong>spaciatum</strong></span> <span class='ocrx_word' id='word_1_172' title='bbox 1417 3046 1483 3112; x_wconf 89' lang='lat' dir='ltr'><strong>iret</strong></span> 
     </span>
     <span class='ocr_line' id='line_1_22' title="bbox 429 3146 1483 3232; baseline 0.004 -21"><span class='ocrx_word' id='word_1_173' title='bbox 429 3146 582 3212; x_wconf 89' lang='lat' dir='ltr'><strong>dominus</strong></span> <span class='ocrx_word' id='word_1_174' title='bbox 605 3148 684 3232; x_wconf 89' lang='lat' dir='ltr'><strong>ejus,</strong></span> <span class='ocrx_word' id='word_1_175' title='bbox 707 3169 784 3213; x_wconf 86' lang='lat' dir='ltr'><strong>casu</strong></span> <span class='ocrx_word' id='word_1_176' title='bbox 818 3149 970 3214; x_wconf 87' lang='lat' dir='ltr'><strong>obviavit</strong></span> <span class='ocrx_word' id='word_1_177' title='bbox 1001 3149 1041 3226; x_wconf 91' lang='lat' dir='ltr'><strong>ei,</strong></span> <span class='ocrx_word' id='word_1_178' title='bbox 1073 3154 1108 3214; x_wconf 88' lang='lat' dir='ltr'><strong>et</strong></span> <span class='ocrx_word' id='word_1_179' title='bbox 1140 3170 1179 3215; x_wconf 90' lang='lat' dir='ltr'><strong>ea</strong></span> <span class='ocrx_word' id='word_1_180' title='bbox 1209 3149 1283 3215; x_wconf 87' lang='lat' dir='ltr'><strong>visa</strong></span> <span class='ocrx_word' id='word_1_181' title='bbox 1315 3151 1483 3216; x_wconf 78' lang='lat' dir='ltr'><strong>admuuns</strong></span> 
     </span>
    </p>

    <p class='ocr_par' dir='ltr' id='par_1_16' title="bbox 429 3249 1482 3436">
     <span class='ocr_line' id='line_1_23' title="bbox 430 3249 1482 3335; baseline 0.004 -22"><span class='ocrx_word' id='word_1_182' title='bbox 430 3250 486 3327; x_wconf 87' lang='lat' dir='ltr'><strong>ait,</strong></span> <span class='ocrx_word' id='word_1_183' title='bbox 512 3249 633 3329; x_wconf 78' lang='lat' dir='ltr'><strong>“Quid</strong></span> <span class='ocrx_word' id='word_1_184' title='bbox 656 3249 727 3335; x_wconf 85' lang='lat' dir='ltr'><strong>agis</strong></span> <span class='ocrx_word' id='word_1_185' title='bbox 759 3250 936 3316; x_wconf 88' lang='lat' dir='ltr'><strong>odomina</strong></span> <span class='ocrx_word' id='word_1_186' title='bbox 970 3251 1067 3315; x_wconf 77' lang='lat' dir='ltr'><strong>mil&#39;&#39;</strong></span> <span class='ocrx_word' id='word_1_187' title='bbox 1112 3251 1161 3316; x_wconf 88' lang='lat' dir='ltr'><strong>At</strong></span> <span class='ocrx_word' id='word_1_188' title='bbox 1195 3251 1254 3317; x_wconf 85' lang='lat' dir='ltr'><strong>illa</strong></span> <span class='ocrx_word' id='word_1_189' title='bbox 1285 3253 1333 3316; x_wconf 92' lang='lat' dir='ltr'><strong>rei</strong></span> <span class='ocrx_word' id='word_1_190' title='bbox 1365 3254 1482 3317; x_wconf 88' lang='lat' dir='ltr'><strong>seriem</strong></span> 
     </span>
     <span class='ocr_line' id='line_1_24' title="bbox 429 3349 1482 3436; baseline 0.002 -20"><span class='ocrx_word' id='word_1_191' title='bbox 429 3351 605 3436; x_wconf 89' lang='lat' dir='ltr'><strong>pandebat.</strong></span> <span class='ocrx_word' id='word_1_192' title='bbox 668 3349 733 3430; x_wconf 81' lang='lat' dir='ltr'><strong>Qui</strong></span> <span class='ocrx_word' id='word_1_193' title='bbox 768 3351 856 3436; x_wconf 87' lang='lat' dir='ltr'><strong>regis</strong></span> <span class='ocrx_word' id='word_1_194' title='bbox 891 3351 1044 3418; x_wconf 88' lang='lat' dir='ltr'><strong>fraudem</strong></span> <span class='ocrx_word' id='word_1_195' title='bbox 1077 3353 1190 3431; x_wconf 89' lang='lat' dir='ltr'><strong>sciens,</strong></span> <span class='ocrx_word' id='word_1_196' title='bbox 1222 3355 1280 3430; x_wconf 86' lang='lat' dir='ltr'><strong>ait,</strong></span> <span class='ocrx_word' id='word_1_197' title='bbox 1305 3353 1482 3431; x_wconf 90' lang='lat' dir='ltr'><strong>“Dolose‚”</strong></span> 
     </span>
    </p>

    <p class='ocr_par' dir='ltr' id='par_1_17' title="bbox 431 3452 1483 3543">
     <span class='ocr_line' id='line_1_25' title="bbox 431 3452 1483 3543; baseline 0.004 -27"><span class='ocrx_word' id='word_1_198' title='bbox 431 3452 551 3538; x_wconf 87' lang='lat' dir='ltr'><strong>inquit,</strong></span> <span class='ocrx_word' id='word_1_199' title='bbox 583 3457 730 3519; x_wconf 82' lang='lat' dir='ltr'><strong>“voeeta</strong></span> <span class='ocrx_word' id='word_1_200' title='bbox 761 3473 796 3517; x_wconf 90' lang='lat' dir='ltr'><strong>es</strong></span> <span class='ocrx_word' id='word_1_201' title='bbox 828 3460 867 3517; x_wconf 87' lang='lat' dir='ltr'><strong>ut</strong></span> <span class='ocrx_word' id='word_1_202' title='bbox 898 3453 1055 3520; x_wconf 91' lang='lat' dir='ltr'><strong>illuderet</strong></span> <span class='ocrx_word' id='word_1_203' title='bbox 1076 3455 1141 3520; x_wconf 89' lang='lat' dir='ltr'><strong>tibi</strong></span> <span class='ocrx_word' id='word_1_204' title='bbox 1163 3477 1232 3520; x_wconf 88' lang='lat' dir='ltr'><strong>rex.</strong></span> <span class='ocrx_word' id='word_1_205' title='bbox 1278 3455 1346 3522; x_wconf 85' lang='lat' dir='ltr'><strong>Fae</strong></span> <span class='ocrx_word' id='word_1_206' title='bbox 1377 3454 1483 3543; x_wconf 80' lang='lat' dir='ltr'><strong>igitur</strong></span> 
     </span>
    </p>

    <p class='ocr_par' dir='ltr' id='par_1_18' title="bbox 433 3555 1482 3644">
     <span class='ocr_line' id='line_1_26' title="bbox 433 3555 1482 3644; baseline 0.004 -25"><span class='ocrx_word' id='word_1_207' title='bbox 433 3560 451 3588; x_wconf 82' lang='lat'><strong>‘¹</strong></span> <span class='ocrx_word' id='word_1_208' title='bbox 474 3561 591 3619; x_wconf 90' lang='lat' dir='ltr'><strong>ornata</strong></span> <span class='ocrx_word' id='word_1_209' title='bbox 624 3555 661 3617; x_wconf 90' lang='lat' dir='ltr'><strong>in</strong></span> <span class='ocrx_word' id='word_1_210' title='bbox 692 3559 784 3620; x_wconf 91' lang='lat' dir='ltr'><strong>veste</strong></span> <span class='ocrx_word' id='word_1_211' title='bbox 824 3561 883 3621; x_wconf 90' lang='lat' dir='ltr'><strong>tua</strong></span> <span class='ocrx_word' id='word_1_212' title='bbox 917 3556 1019 3622; x_wconf 82' lang='lat' dir='ltr'><strong>lotrix</strong></span> <span class='ocrx_word' id='word_1_213' title='bbox 1041 3556 1096 3622; x_wconf 89' lang='lat' dir='ltr'><strong>vel</strong></span> <span class='ocrx_word' id='word_1_214' title='bbox 1130 3557 1288 3622; x_wconf 84' lang='lat' dir='ltr'><strong>meretrix</strong></span> <span class='ocrx_word' id='word_1_215' title='bbox 1322 3558 1376 3636; x_wconf 90' lang='lat' dir='ltr'><strong>sit,</strong></span> <span class='ocrx_word' id='word_1_216' title='bbox 1408 3581 1482 3644; x_wconf 87' lang='lat' dir='ltr'><strong>quse</strong></span> 
     </span>
    </p>

    <p class='ocr_par' dir='ltr' id='par_1_19' title="bbox 259 3631 1483 4050">
     <span class='ocr_line' id='line_1_27' title="bbox 259 3631 1481 3745; baseline 0.005 -26"><span class='ocrx_word' id='word_1_217' title='bbox 259 3631 387 3740; x_wconf 52' lang='lat' dir='ltr'><strong>fissssffif</strong></span> <span class='ocrx_word' id='word_1_218' title='bbox 431 3663 449 3691; x_wconf 85' lang='lat'><strong>‘⁴</strong></span> <span class='ocrx_word' id='word_1_219' title='bbox 472 3655 679 3741; x_wconf 87' lang='lat' dir='ltr'><strong>ingrediatur</strong></span> <span class='ocrx_word' id='word_1_220' title='bbox 694 3655 736 3720; x_wconf 88' lang='lat' dir='ltr'><strong>ad</strong></span> <span class='ocrx_word' id='word_1_221' title='bbox 753 3678 864 3743; x_wconf 88' lang='lat' dir='ltr'><strong>regem</strong></span> <span class='ocrx_word' id='word_1_222' title='bbox 880 3657 951 3724; x_wconf 89' lang='lat' dir='ltr'><strong>loco</strong></span> <span class='ocrx_word' id='word_1_223' title='bbox 967 3659 1026 3736; x_wconf 88' lang='lat' dir='ltr'><strong>tui,</strong></span> <span class='ocrx_word' id='word_1_224' title='bbox 1044 3665 1081 3723; x_wconf 90' lang='lat' dir='ltr'><strong>tu</strong></span> <span class='ocrx_word' id='word_1_225' title='bbox 1097 3658 1221 3745; x_wconf 87' lang='lat' dir='ltr'><strong>absque</strong></span> <span class='ocrx_word' id='word_1_226' title='bbox 1236 3658 1306 3725; x_wconf 89' lang='lat' dir='ltr'><strong>ulla</strong></span> <span class='ocrx_word' id='word_1_227' title='bbox 1321 3659 1481 3726; x_wconf 86' lang='lat' dir='ltr'><strong>dilatione</strong></span> 
     </span>
     <span class='ocr_line' id='line_1_28' title="bbox 260 3757 1481 3849; baseline 0.006 -26"><span class='ocrx_word' id='word_1_228' title='bbox 260 3757 293 3807; x_wconf 79' lang='lat' dir='ltr'><strong>dc</strong></span> <span class='ocrx_word' id='word_1_229' title='bbox 304 3757 396 3823; x_wconf 79' lang='lat' dir='ltr'><strong>Verey.</strong></span> <span class='ocrx_word' id='word_1_230' title='bbox 430 3765 448 3794; x_wconf 91' lang='lat'>“</span> <span class='ocrx_word' id='word_1_231' title='bbox 472 3763 600 3822; x_wconf 90' lang='lat' dir='ltr'><strong>reverte</strong></span> <span class='ocrx_word' id='word_1_232' title='bbox 616 3757 775 3824; x_wconf 91' lang='lat' dir='ltr'><strong>inlocum</strong></span> <span class='ocrx_word' id='word_1_233' title='bbox 792 3758 881 3825; x_wconf 92' lang='lat' dir='ltr'><strong>unde</strong></span> <span class='ocrx_word' id='word_1_234' title='bbox 891 3760 1044 3825; x_wconf 87' lang='lat' dir='ltr'><strong>venisti.&#39;&#39;</strong></span> <span class='ocrx_word' id='word_1_235' title='bbox 1068 3761 1141 3840; x_wconf 82' lang='lat' dir='ltr'><strong>Quo</strong></span> <span class='ocrx_word' id='word_1_236' title='bbox 1157 3760 1252 3841; x_wconf 85' lang='lat' dir='ltr'><strong>facto,</strong></span> <span class='ocrx_word' id='word_1_237' title='bbox 1270 3763 1321 3827; x_wconf 90' lang='lat' dir='ltr'><strong>die</strong></span> <span class='ocrx_word' id='word_1_238' title='bbox 1338 3763 1481 3849; x_wconf 87' lang='lat' dir='ltr'><strong>quadam</strong></span> 
     </span>
     <span class='ocr_line' id='line_1_29' title="bbox 430 3859 1483 3944; baseline 0.006 -20"><span class='ocrx_word' id='word_1_239' title='bbox 430 3860 510 3925; x_wconf 92' lang='lat' dir='ltr'><strong>dum</strong></span> <span class='ocrx_word' id='word_1_240' title='bbox 548 3859 778 3925; x_wconf 84' lang='lat' dir='ltr'><strong>fabularentur</strong></span> <span class='ocrx_word' id='word_1_241' title='bbox 812 3861 998 3939; x_wconf 85' lang='lat' dir='ltr'><strong>adinvicem</strong></span> <span class='ocrx_word' id='word_1_242' title='bbox 1031 3885 1091 3928; x_wconf 84' lang='lat' dir='ltr'><strong>rex</strong></span> <span class='ocrx_word' id='word_1_243' title='bbox 1129 3867 1163 3928; x_wconf 86' lang='lat' dir='ltr'><strong>et</strong></span> <span class='ocrx_word' id='word_1_244' title='bbox 1202 3863 1410 3944; x_wconf 82' lang='lat' dir='ltr'><strong>Eustachius‚</strong></span> <span class='ocrx_word' id='word_1_245' title='bbox 1447 3873 1483 3931; x_wconf 92' lang='lat' dir='ltr'><strong>et</strong></span> 
     </span>
     <span class='ocr_line' id='line_1_30' title="bbox 428 3963 1482 4050; baseline 0.006 -24"><span class='ocrx_word' id='word_1_246' title='bbox 428 3963 624 4050; x_wconf 84' lang='lat' dir='ltr'><strong>gloriaretur</strong></span> <span class='ocrx_word' id='word_1_247' title='bbox 673 3985 734 4028; x_wconf 82' lang='lat' dir='ltr'><strong>rex</strong></span> <span class='ocrx_word' id='word_1_248' title='bbox 771 3963 808 4028; x_wconf 93' lang='lat' dir='ltr'><strong>in</strong></span> <span class='ocrx_word' id='word_1_249' title='bbox 851 3964 1007 4050; x_wconf 87' lang='lat' dir='ltr'><strong>operibus</strong></span> <span class='ocrx_word' id='word_1_250' title='bbox 1038 3965 1106 4029; x_wconf 89' lang='lat' dir='ltr'><strong>suis</strong></span> <span class='ocrx_word' id='word_1_251' title='bbox 1137 3966 1297 4050; x_wconf 86' lang='lat' dir='ltr'><strong>pessimis,</strong></span> <span class='ocrx_word' id='word_1_252' title='bbox 1331 3969 1381 4034; x_wconf 84' lang='lat' dir='ltr'><strong>ait</strong></span> <span class='ocrx_word' id='word_1_253' title='bbox 1413 3990 1482 4046; x_wconf 84' lang='lat' dir='ltr'><strong>rex,</strong></span> 
     </span>
    </p>

    <p class='ocr_par' dir='ltr' id='par_1_20' title="bbox 429 4063 1482 4144">
     <span class='ocr_line' id='line_1_31' title="bbox 429 4063 1482 4144; baseline 0.004 -14"><span class='ocrx_word' id='word_1_254' title='bbox 429 4071 448 4103; x_wconf 81' lang='lat'><strong>‘⁶</strong></span> <span class='ocrx_word' id='word_1_255' title='bbox 472 4063 729 4131; x_wconf 85' lang='lat' dir='ltr'><strong>Pulcherrimam</strong></span> <span class='ocrx_word' id='word_1_256' title='bbox 744 4063 854 4144; x_wconf 87' lang='lat' dir='ltr'><strong>habes,</strong></span> <span class='ocrx_word' id='word_1_257' title='bbox 870 4086 890 4130; x_wconf 94' lang='lat' dir='ltr'><strong>o</strong></span> <span class='ocrx_word' id='word_1_258' title='bbox 907 4065 1073 4144; x_wconf 76' lang='lat' dir='ltr'><strong>Eustachi</strong></span> <span class='ocrx_word' id='word_1_259' title='bbox 1089 4066 1257 4133; x_wconf 80' lang='lat' dir='ltr'><strong>dominam</strong></span> <span class='ocrx_word' id='word_1_260' title='bbox 1272 4073 1307 4133; x_wconf 90' lang='lat' dir='ltr'><strong>et</strong></span> <span class='ocrx_word' id='word_1_261' title='bbox 1320 4075 1482 4135; x_wconf 90' lang='lat' dir='ltr'><strong>noctumo</strong></span> 
     </span>
    </p>
   </div>
   <div class='ocr_carea' id='block_1_8' title="bbox 260 4165 1481 4661">
    <p class='ocr_par' dir='ltr' id='par_1_21' title="bbox 260 4165 1481 4661">
     <span class='ocr_line' id='line_1_32' title="bbox 429 4165 1481 4256; baseline 0.005 -25"><span class='ocrx_word' id='word_1_262' title='bbox 429 4173 445 4200; x_wconf 92' lang='lat'><strong>“</strong></span> <span class='ocrx_word' id='word_1_263' title='bbox 469 4165 601 4232; x_wconf 87' lang='lat' dir='ltr'><strong>silentio</strong></span> <span class='ocrx_word' id='word_1_264' title='bbox 617 4165 699 4231; x_wconf 89' lang='lat' dir='ltr'><strong>bene</strong></span> <span class='ocrx_word' id='word_1_265' title='bbox 722 4166 935 4251; x_wconf 84' lang='lat' dir='ltr'><strong>placentem’&#39;</strong></span> <span class='ocrx_word' id='word_1_266' title='bbox 981 4166 1042 4233; x_wconf 75' lang='lat' dir='ltr'><strong>cuj</strong></span> <span class='ocrx_word' id='word_1_267' title='bbox 1071 4167 1278 4247; x_wconf 82' lang='lat' dir='ltr'><strong>Eustachius,</strong></span> <span class='ocrx_word' id='word_1_268' title='bbox 1303 4169 1380 4235; x_wconf 82' lang='lat' dir='ltr'><strong>“Et</strong></span> <span class='ocrx_word' id='word_1_269' title='bbox 1401 4192 1481 4256; x_wconf 93' lang='lat' dir='ltr'><strong>quo-</strong></span> 
     </span>
     <span class='ocr_line' id='line_1_33' title="bbox 430 4265 1481 4359; baseline 0.004 -27"><span class='ocrx_word' id='word_1_270' title='bbox 430 4275 449 4308; x_wconf 89' lang='lat'>“</span> <span class='ocrx_word' id='word_1_271' title='bbox 471 4268 569 4334; x_wconf 91' lang='lat' dir='ltr'><strong>modo</strong></span> <span class='ocrx_word' id='word_1_272' title='bbox 584 4268 682 4345; x_wconf 90' lang='lat' dir='ltr'><strong>nosti,</strong></span> <span class='ocrx_word' id='word_1_273' title='bbox 699 4287 718 4332; x_wconf 94' lang='lat' dir='ltr'><strong>o</strong></span> <span class='ocrx_word' id='word_1_274' title='bbox 734 4289 794 4332; x_wconf 85' lang='lat' dir='ltr'><strong>rex</strong></span> <span class='ocrx_word' id='word_1_275' title='bbox 805 4271 817 4334; x_wconf 75' lang='grc'><strong>1</strong></span> <span class='ocrx_word' id='word_1_276' title='bbox 829 4265 848 4296; x_wconf 82' lang='grc'>”</span> <span class='ocrx_word' id='word_1_277' title='bbox 871 4269 919 4333; x_wconf 85' lang='grc' dir='ltr'><strong>Α1</strong></span> <span class='ocrx_word' id='word_1_278' title='bbox 941 4267 1007 4350; x_wconf 89' lang='lat' dir='ltr'><strong>ille,</strong></span> <span class='ocrx_word' id='word_1_279' title='bbox 1024 4269 1203 4356; x_wconf 78' lang='lat' dir='ltr'><strong>“Cognovi</strong></span> <span class='ocrx_word' id='word_1_280' title='bbox 1221 4271 1294 4356; x_wconf 88' lang='lat' dir='ltr'><strong>jam</strong></span> <span class='ocrx_word' id='word_1_281' title='bbox 1316 4278 1351 4337; x_wconf 88' lang='lat' dir='ltr'><strong>et</strong></span> <span class='ocrx_word' id='word_1_282' title='bbox 1365 4293 1481 4359; x_wconf 84' lang='lat' dir='ltr'><strong>exper-</strong></span> 
     </span>
     <span class='ocr_line' id='line_1_34' title="bbox 431 4367 1481 4449; baseline 0.004 -15"><span class='ocrx_word' id='word_1_283' title='bbox 431 4378 447 4406; x_wconf 86' lang='lat'><strong>·‘</strong></span> <span class='ocrx_word' id='word_1_284' title='bbox 471 4375 525 4435; x_wconf 86' lang='lat' dir='ltr'><strong>tus</strong></span> <span class='ocrx_word' id='word_1_285' title='bbox 550 4369 652 4435; x_wconf 87' lang='lat' dir='ltr'><strong>sum.’&#39;</strong></span> <span class='ocrx_word' id='word_1_286' title='bbox 698 4371 746 4434; x_wconf 90' lang='lat' dir='ltr'><strong>At</strong></span> <span class='ocrx_word' id='word_1_287' title='bbox 776 4367 840 4448; x_wconf 92' lang='lat' dir='ltr'><strong>ille,</strong></span> <span class='ocrx_word' id='word_1_288' title='bbox 874 4373 891 4404; x_wconf 78' lang='lat'><strong>‘⁶</strong></span> <span class='ocrx_word' id='word_1_289' title='bbox 907 4369 986 4434; x_wconf 91' lang='lat' dir='ltr'><strong>Non</strong></span> <span class='ocrx_word' id='word_1_290' title='bbox 1009 4378 1059 4436; x_wconf 87' lang='lat' dir='ltr'><strong>est</strong></span> <span class='ocrx_word' id='word_1_291' title='bbox 1088 4372 1146 4449; x_wconf 89' lang='lat' dir='ltr'><strong>ita,</strong></span> <span class='ocrx_word' id='word_1_292' title='bbox 1170 4394 1236 4436; x_wconf 84' lang='lat' dir='ltr'><strong>rex.</strong></span> <span class='ocrx_word' id='word_1_293' title='bbox 1282 4371 1361 4437; x_wconf 91' lang='lat' dir='ltr'><strong>Non</strong></span> <span class='ocrx_word' id='word_1_294' title='bbox 1391 4375 1481 4438; x_wconf 91' lang='lat' dir='ltr'><strong>enim</strong></span> 
     </span>
     <span class='ocr_line' id='line_1_35' title="bbox 429 4471 1480 4541; baseline 0.003 -3"><span class='ocrx_word' id='word_1_295' title='bbox 429 4479 447 4507; x_wconf 89' lang='lat'><strong>“</strong></span> <span class='ocrx_word' id='word_1_296' title='bbox 469 4471 618 4538; x_wconf 87' lang='lat' dir='ltr'><strong>habuisti</strong></span> <span class='ocrx_word' id='word_1_297' title='bbox 632 4493 770 4537; x_wconf 85' lang='lat' dir='ltr'><strong>uxorem</strong></span> <span class='ocrx_word' id='word_1_298' title='bbox 793 4491 899 4536; x_wconf 89' lang='lat' dir='ltr'><strong>meam</strong></span> <span class='ocrx_word' id='word_1_299' title='bbox 915 4472 974 4537; x_wconf 91' lang='lat' dir='ltr'><strong>sed</strong></span> <span class='ocrx_word' id='word_1_300' title='bbox 996 4473 1067 4539; x_wconf 92' lang='lat' dir='ltr'><strong>loco</strong></span> <span class='ocrx_word' id='word_1_301' title='bbox 1082 4474 1135 4538; x_wconf 89' lang='lat' dir='ltr'><strong>sui</strong></span> <span class='ocrx_word' id='word_1_302' title='bbox 1157 4473 1354 4540; x_wconf 87' lang='lat' dir='ltr'><strong>horrendam</strong></span> <span class='ocrx_word' id='word_1_303' title='bbox 1377 4497 1480 4541; x_wconf 88' lang='lat' dir='ltr'><strong>mere·</strong></span> 
     </span>
     <span class='ocr_line' id='line_1_36' title="bbox 260 4573 1480 4661; baseline 0 -17"><span class='ocrx_word' id='word_1_304' title='bbox 260 4577 390 4644; x_wconf 69' lang='lat' dir='ltr'><strong>nugerol</strong></span> <span class='ocrx_word' id='word_1_305' title='bbox 428 4579 447 4610; x_wconf 91' lang='lat'><strong>“</strong></span> <span class='ocrx_word' id='word_1_306' title='bbox 470 4575 586 4640; x_wconf 87' lang='lat' dir='ltr'><strong>tricem</strong></span> <span class='ocrx_word' id='word_1_307' title='bbox 610 4579 645 4639; x_wconf 92' lang='lat' dir='ltr'><strong>et</strong></span> <span class='ocrx_word' id='word_1_308' title='bbox 660 4573 835 4640; x_wconf 88' lang='lat' dir='ltr'><strong>lotricem.”</strong></span> <span class='ocrx_word' id='word_1_309' title='bbox 882 4573 1058 4659; x_wconf 87' lang='lat' dir='ltr'><strong>Iratusque</strong></span> <span class='ocrx_word' id='word_1_310' title='bbox 1081 4597 1140 4640; x_wconf 85' lang='lat' dir='ltr'><strong>rex</strong></span> <span class='ocrx_word' id='word_1_311' title='bbox 1156 4574 1272 4642; x_wconf 84' lang='lat' dir='ltr'><strong>addito</strong></span> <span class='ocrx_word' id='word_1_312' title='bbox 1289 4576 1480 4661; x_wconf 86' lang='lat' dir='ltr'><strong>juramento</strong></span> 
     </span>
    </p>
   </div>
   <div class='ocr_carea' id='block_1_9' title="bbox 259 4645 1477 4768">
    <p class='ocr_par' dir='ltr' id='par_1_22' title="bbox 259 4645 1477 4768">
     <span class='ocr_line' id='line_1_37' title="bbox 259 4645 1477 4768; baseline 0.004 -27"><span class='ocrx_word' id='word_1_313' title='bbox 259 4645 302 4695; x_wconf 51' lang='grc' dir='ltr'><strong>ὼε</strong></span> <span class='ocrx_word' id='word_1_314' title='bbox 313 4647 383 4712; x_wconf 61' lang='lat'><strong>¹³⁰⁸·</strong></span> <span class='ocrx_word' id='word_1_315' title='bbox 429 4677 648 4742; x_wconf 89' lang='lat' dir='ltr'><strong>comminatus</strong></span> <span class='ocrx_word' id='word_1_316' title='bbox 663 4683 714 4740; x_wconf 91' lang='lat' dir='ltr'><strong>est</strong></span> <span class='ocrx_word' id='word_1_317' title='bbox 730 4675 812 4739; x_wconf 84' lang='lat' dir='ltr'><strong>siin</strong></span> <span class='ocrx_word' id='word_1_318' title='bbox 836 4683 996 4756; x_wconf 81' lang='lat' dir='ltr'><strong>mortem3</strong></span> <span class='ocrx_word' id='word_1_319' title='bbox 1018 4683 1053 4742; x_wconf 89' lang='lat' dir='ltr'><strong>et</strong></span> <span class='ocrx_word' id='word_1_320' title='bbox 1068 4699 1143 4744; x_wconf 90' lang='lat' dir='ltr'><strong>cum</strong></span> <span class='ocrx_word' id='word_1_321' title='bbox 1158 4679 1195 4742; x_wconf 91' lang='lat' dir='ltr'><strong>in</strong></span> <span class='ocrx_word' id='word_1_322' title='bbox 1211 4700 1286 4745; x_wconf 91' lang='lat' dir='ltr'><strong>eum</strong></span> <span class='ocrx_word' id='word_1_323' title='bbox 1301 4700 1477 4768; x_wconf 84' lang='lat' dir='ltr'><strong>exsurgere</strong></span> 
     </span>
    </p>
   </div>
   <div class='ocr_carea' id='block_1_10' title="bbox 428 4777 1477 4868">
    <p class='ocr_par' dir='ltr' id='par_1_23' title="bbox 428 4777 1477 4868">
     <span class='ocr_line' id='line_1_38' title="bbox 428 4777 1477 4868; baseline 0.008 -27"><span class='ocrx_word' id='word_1_324' title='bbox 428 4778 538 4853; x_wconf 88' lang='lat' dir='ltr'><strong>vellet,</strong></span> <span class='ocrx_word' id='word_1_325' title='bbox 560 4777 713 4863; x_wconf 86' lang='lat' dir='ltr'><strong>prosiluit</strong></span> <span class='ocrx_word' id='word_1_326' title='bbox 736 4777 778 4842; x_wconf 88' lang='lat' dir='ltr'><strong>ab</strong></span> <span class='ocrx_word' id='word_1_327' title='bbox 801 4799 862 4858; x_wconf 90' lang='lat' dir='ltr'><strong>eo;</strong></span> <span class='ocrx_word' id='word_1_328' title='bbox 896 4783 931 4843; x_wconf 90' lang='lat' dir='ltr'><strong>et</strong></span> <span class='ocrx_word' id='word_1_329' title='bbox 964 4780 1144 4846; x_wconf 87' lang='lat' dir='ltr'><strong>recedendo</strong></span> <span class='ocrx_word' id='word_1_330' title='bbox 1167 4803 1188 4845; x_wconf 86' lang='lat' dir='ltr'><strong>a</strong></span> <span class='ocrx_word' id='word_1_331' title='bbox 1209 4803 1285 4868; x_wconf 80' lang='lat' dir='ltr'><strong>rege</strong></span> <span class='ocrx_word' id='word_1_332' title='bbox 1308 4783 1477 4867; x_wconf 87' lang='lat' dir='ltr'><strong>usquead</strong></span> 
     </span>
    </p>
   </div>
   <div class='ocr_carea' id='block_1_11' title="bbox 0 0 1818 5784">
    <p class='ocr_par' dir='ltr' id='par_1_24' title="bbox 0 0 1818 5784">
     <span class='ocr_line' id='line_1_39' title="bbox 0 0 1818 5784; baseline 0 1"><span class='ocrx_word' id='word_1_333' title='bbox 0 0 1818 5784; x_wconf 95' lang='lat' dir='ltr'><strong> </strong></span> 
     </span>
    </p>
   </div>
  </div>
 </body>
</html>
