3625 5784
606 848 876 901 anrcasraausm
899 852 1112 903 caaomcou.
1346 843 1387 906 91

337 1037 541 1114 oonvooavit,
576 1041 612 1104 et
643 1036 821 1125 diligenter
852 1041 1009 1127 quaesivit
1039 1041 1067 1106 si
1101 1042 1222 1129 aliquis
1253 1043 1297 1109 ad
1329 1043 1548 1110 hoehimselfa

337 1136 541 1222 implendum
564 1161 599 1205 se
621 1146 848 1226 praesentaret.
902 1141 988 1209 Oum
1011 1165 1124 1209 omnes
1156 1149 1267 1210 assent
1297 1125 1528 1242 quasifflffl'

337 1241 510 1327 desperati,
533 1245 714 1329 predictus
737 1251 831 1310 sutor
853 1246 942 1311 dixit
965 1268 999 1312 se
1022 1245 1143 1313 habere
1174 1247 1329 1314 fiduciam
1356 1249 1392 1313 in

337 1343 470 1408 domino
493 1346 582 1429 quod
613 1345 676 1411 hoo
702 1367 785 1432 opus
812 1347 943 1426 faceret,
968 1349 1048 1412 dum
1072 1352 1187 1414 tamen
1213 1360 1299 1414 esset
1325 1349 1392 1415 talo

341 1445 418 1528 quid
440 1467 461 1510 a
484 1445 610 1512 Christi
634 1469 688 1512 ore
714 1447 809 1533 ejus1
833 1448 987 1515 fidelibus
1010 1450 1056 1515 sit
1078 1451 1284 1537 promissum.
1342 1452 1391 1516 At

336 1546 387 1610 illi
417 1553 570 1613 asserunt
606 1571 715 1615 veram
750 1572 820 1616 esse
853 1549 979 1616 Christi
1012 1552 1272 1638 promissionem.
1327 1553 1560 1636 Diefltrinldsr

336 1647 440 1734 igitur
472 1655 600 1716 statuto
634 1653 792 1717 convenit
828 1653 1011 1719 multitudo
1050 1661 1120 1720 tam
1153 1656 1391 1722 Saracenorum
1403 1639 1426 1674 ¹⁸
1438 1625 1515 1676 fixae.

337 1771 437 1834 quam
471 1752 745 1820 Christianorum.
794 1754 868 1819 Rex
898 1778 978 1822 vero
1011 1778 1087 1822 oum
1124 1758 1272 1835 instaret,
1303 1759 1391 1824 solus

337 1851 452 1919 sutor²
473 1855 517 1920 ad
532 1857 650 1942 pedem
664 1858 787 1922 montis
809 1859 955 1936 secessit,
970 1863 1005 1923 et
1020 1880 1095 1925 oum
1119 1867 1228 1926 oraret
1243 1862 1391 1928 elevatus
1405 1867 1502 1931 prayer
1513 1868 1542 1919 οἳ

338 1962 388 2021 est
410 1979 505 2022 mons
528 1965 562 2023 et
584 1960 780 2025 movebatur
802 1961 838 2024 in
856 1983 931 2026 aero
952 1983 1066 2026 versus
1083 1963 1263 2029 civitatem.
1304 1962 1391 2029 Gen·
1404 1934 1518 2050 ζῗξζὼ

337 2059 413 2124 tiles
435 2081 515 2126 vero
541 2066 744 2148 rogaverunt
768 2060 975 2128 Christianos
1001 2069 1041 2128 ut
1068 2064 1218 2130 facerent
1244 2071 1391 2131 montem

338 2161 452 2228 sistere
473 2186 517 2229 ne
539 2163 711 2231 civitatem
734 2166 956 2259 opprimeret;
989 2167 1079 2232 unde
1113 2188 1207 2232 mons
1241 2169 1393 2254 precibus

337 2265 486 2330 fidelium
524 2267 613 2333 inter
648 2268 732 2333 alios
763 2268 846 2334 duos
877 2274 1008 2334 montes
1042 2291 1076 2334 se
1114 2271 1299 2338 collocavit.
1349 2271 1391 2335 In
1403 2276 1458 2326 The
1467 2275 1527 2327 mir·

338 2368 431 2453 cujus
452 2369 502 2435 rei
523 2375 766 2457 argumentum,
793 2375 835 2435 ut
865 2371 998 2451 dieitur,
1025 2371 1195 2437 dissimilis
1227 2373 1302 2438 aliis
1333 2394 1390 2460 ap·
1404 2345 1559 2473 ζὲξέῗῑζξω

338 2475 440 2555 parea
502 2472 546 2536 Et
583 2473 630 2536 sio
663 2472 828 2558 disposuit
865 2473 954 2550 deris,
997 2474 1085 2560 quod
1123 2474 1181 2559 qui
1219 2475 1260 2539 do
1298 2476 1392 2541 oculo
1404 2479 1454 2526 anu
1464 2478 1508 2528 the

337 2571 504 2638 eruendo³
519 2573 563 2639 ad
577 2574 708 2639 literam
723 2573 901 2657 intellexit,
916 2577 957 2640 de
973 2579 1086 2640 monta
1108 2577 1272 2642 movendo
1288 2578 1390 2644 eciam
1403 2551 1538 2660 pgpppm

338 2675 531 2741 miraculose
553 2677 776 2762 pergratiam
798 2698 867 2742 suae
890 2678 1043 2743 veritatis
1066 2679 1253 2764 complevit.

383 2789 445 2845 Iste
460 2787 640 2844 lanfrancus
649 2806 754 2859 genera
767 2789 960 2856 Lumbardns,
973 2789 1125 2844 literatura
1134 2790 1270 2861 insignis,
1284 2791 1391 2864 quippe

340 2876 389 2949 qni
408 2876 594 2948 juventutem
626 2896 709 2934 snam
740 2878 911 2934 liberalibus
957 2877 1069 2934 artibus
1101 2879 1265 2945 attriverat,
1301 2880 1390 2936 sacris

338 2967 456 3040 paginis
469 2958 620 3036 [aarum]⁴
637 2973 843 3024 maturaverat.
890 2966 1003 3037 Quibus
1028 2967 1147 3023 edootns
1170 2967 1273 3024 mundi
1294 2969 1389 3025 fumos

339 3063 369 3113 et
391 3058 550 3130 ampullata
565 3057 723 3128 gentilium
738 3057 854 3129 eloquia
868 3047 1118 3129 parvipenderet‚⁶
1133 3057 1260 3113 Beeoum
1276 3075 1311 3114 ex
1326 3077 1388 3113 om·

338 3145 426 3202 nibus
447 3145 638 3203 Nor-manniae
668 3147 854 3202 monasteriis
877 3135 1041 3218 praelegit,⁶
1062 3151 1236 3219 paupertate
1270 3148 1329 3204 looi
1359 3155 1390 3204 et

339 3235 483 3307 religione
497 3241 619 3308 eaptus3
643 3236 695 3291 ubi
710 3236 764 3291 sub
780 3237 949 3292 Herlewino
965 3237 1061 3308 primo
1077 3236 1181 3293 abbate
1206 3228 1390 3293 mouaohns⁷

340 3325 426 3381 homo
450 3326 501 3397 qui
530 3325 656 3380 nesciret
686 3325 796 3396 agresti
830 3344 916 3398 opere
951 3326 1063 3381 vietum
1095 3343 1224 3398 quarere
1258 3328 1390 3400 publicas

341 3416 431 3470 soolas
454 3415 490 3470 de
513 3413 666 3470 dialectiea
687 3415 834 3486 professus
856 3419 910 3483 est,
933 3419 968 3470 ut
991 3415 1033 3470 sio
1056 3421 1215 3486 egestatem
1240 3417 1296 3472 looi
1328 3435 1390 3473 soo-

340 3505 447 3559 larinm
469 3504 645 3560 liberalitate
667 3505 851 3570 sublevaret3
875 3504 928 3560 sed
947 3504 1043 3575 gloria
1058 3505 1154 3560 laudis
1170 3505 1233 3576 ejus
1249 3507 1389 3562 conflavit

340 3594 418 3666 apud
440 3594 587 3666 improbos
608 3593 687 3649 viros
709 3593 864 3659 invidiam,
887 3594 960 3649 adeo
991 3598 1025 3649 ut
1047 3613 1065 3650 a
1094 3594 1201 3650 ricinis
1233 3597 1391 3668 capellanis

340 3676 436 3738 eomes
466 3682 658 3739 Normannias
681 3683 848 3740 Willalmus
877 3683 1013 3739 turbatus
1036 3684 1163 3740 edioeret
1195 3686 1391 3742 Lanfranoum

339 3789 393 3846 pro
415 3789 468 3828 sua
490 3771 714 3844 importunitate
735 3772 921 3828 Normannia
943 3773 1174 3845 propellendum.
1222 3775 1300 3830 Nam
1316 3777 1390 3832 Her-

339 3863 431 3917 fastus
453 3860 536 3917 ducis
562 3859 706 3917 Willelmi
736 3862 904 3934 capellanus
938 3867 1007 3918 ante
1041 3863 1202 3920 adrentum
1234 3865 1392 3921 Lanfranei

338 3950 496 4024 probabilis
518 3950 650 4008 seientia
666 3951 839 4018 aestimatus,
861 3951 900 4007 ad
923 3953 1112 4024 maasiam
1136 3953 1295 4010 Lanfranoi
1318 3973 1390 4010 oum

372 4223 508 4283 mian.
922 4222 1028 4273 ⁴From
1053 4223 1133 4289 Higtl
1178 4225 1211 4274 In
1233 4227 1277 4276 tho
1299 4227 1393 4278 former

369 4303 382 4337 ²
397 4305 466 4355 Here
472 4317 506 4354 on
514 4301 615 4368 margin
626 4301 656 4353 ol
663 4300 786 4360 Mamur
794 4307 839 4352 not
889 4317 997 4368 passage
1011 4305 1066 4367 (see
1077 4319 1140 4371 page
1151 4306 1197 4366 88)
1205 4306 1268 4356 both
1275 4306 1332 4358 MS.
1341 4310 1393 4359 and

338 4383 365 4435 in
386 4385 431 4447 A„
452 4382 475 4434 is
500 4381 581 4432 Sator
592 4382 666 4447 sarit
687 4377 837 4431 attrabatum
888 4381 1184 4433 A.ha‹leliamforthis
1195 4383 1273 4434 word.

337 4472 440 4514 mortem
450 4460 609 4516 removendo.
921 4459 932 4492 ³
938 4459 1138 4526 parvipendere,
1151 4459 1229 4525 Higd.

368 4541 466 4594 ³Botu
476 4539 556 4592 Mes.
566 4540 633 4590 have
636 4537 761 4603 fruendo·
783 4537 839 4589 'l'he
923 4535 1080 4604 ‘praelegit
1091 4539 1171 4606 Higd.

338 4626 462 4677 mntenoe,
473 4618 560 4669 which
575 4617 597 4668 is
617 4627 662 4669 not
681 4633 742 4682 very
760 4618 836 4675 clear,
922 4617 1210 4686 ⁷nanaelatus,}1igd.

336 4699 359 4749 is
374 4695 511 4749 otherwise
527 4697 631 4762 axaotly
646 4711 676 4747 as
694 4695 715 4746 it
735 4696 758 4746 is
778 4695 839 4746 here

336 4777 422 4845 giren.
