3625 5784
622 911 894 962 mrcssrnsusrs
916 912 1128 965 οιιιιοιιιοοιι.
1330 900 1397 965 349

347 1101 387 1167 de
425 1102 499 1168 Bek
537 1103 684 1168 nondum
712 1125 865 1170 reversus
906 1105 1019 1172 suerat
1042 1107 1084 1171 de
1110 1104 1317 1171 Alemannia
1363 1103 1496 1168 InAfter

348 1226 453 1270 unum
476 1206 610 1271 tandem
633 1213 750 1273 votum
774 1208 1017 1274 concordabant
1039 1231 1163 1286 omnes,
1186 1215 1226 1273 ut
1248 1192 1525 1293 efferrentffig}

346 1307 416 1392 regi
455 1306 538 1372 duas
575 1308 718 1374 decimas
756 1309 793 1372 in
830 1330 898 1374 uno
936 1331 1024 1375 anno
1061 1310 1247 1376 solvendas.
1303 1309 1404 1390 Quod
1418 1310 1482 1375 they
1490 1325 1568 1375 agree

346 1409 484 1474 audiens
508 1429 567 1474 rex
589 1409 783 1496 indignatus
807 1417 867 1490 est,
889 1417 925 1476 et
948 1433 1008 1498 per
1028 1434 1107 1478 suos
1130 1413 1295 1478 satellites
1318 1377 1541 1506 eom-{flebffgg

346 1513 492 1577 minatus
516 1518 568 1578 'est
601 1535 636 1577 se
658 1517 755 1578 extra
777 1515 1031 1598 preteetionem,
1053 1537 1147 1579 suam
1173 1515 1297 1581 elerum
1320 1515 1405 1580 velle
1419 1509 1568 1586 ewotenrhs

348 1635 467 1698 ponere
490 1615 555 1679 nisi
578 1613 812 1679 medietatem¹
837 1615 986 1680 omnium
1002 1617 1165 1681 bonomm
1189 1589 1504 1706 οοιιιιιάιιιοιιίιξιρὲζκθ

348 1720 381 1780 et
404 1716 492 1781 votis
516 1717 587 1802 ejus
609 1721 796 1782 annuerent
826 1717 862 1780 in
885 1717 948 1782 hae
969 1723 1075 1803 parte,
1097 1719 1278 1804 statimque
1310 1719 1405 1804 quasi

347 1818 472 1903 stipula
509 1819 608 1884 corda
645 1840 758 1883 eorum
796 1818 958 1904 dissipata
996 1825 1084 1886 sunt.
1132 1819 1277 1900 Quidam
1315 1821 1405 1885 enim
1419 1825 1553 1902 uheking

347 1920 416 2006 regi
438 1920 566 2006 plaeere
589 1919 737 1985 volentes
767 1919 977 1998 festinanter,
1000 1922 1059 1986 alii
1082 1943 1161 1987 vero
1193 1922 1312 1987 timore
1334 1944 1405 2008 per·
1419 1905 1566 2009 ἕζζῇῗξζιζΔ

349 2022 457 2086 territi
488 2021 726 2107 subsequenter
748 2028 987 2087 concesserunt.
1035 2022 1080 2086 Et
1102 2023 1181 2108 quia
1212 2022 1406 2088 immunitas
1420 2025 1545 2075 0¹10htlf·

349 2122 501 2200 ecelesiae,
535 2128 575 2188 ut
612 2122 841 2207 supradictum
879 2128 939 2202 est,
978 2122 1059 2189 laesa
1094 2123 1161 2189 fuit
1198 2130 1234 2190 et
1270 2124 1405 2205 violata,

347 2225 445 2309 petiit
480 2224 587 2290 clerus
618 2245 640 2288 a
661 2244 738 2310 rege
761 2224 922 2308 quosdam
956 2225 1124 2302 articulos,
1147 2247 1223 2312 rege
1253 2225 1403 2311 jubente.

347 2326 455 2392 Jussit
477 2326 566 2390 enim
600 2347 661 2390 rex
683 2329 859 2411 postquam
891 2326 980 2390 votis
1003 2328 1107 2413 ipsius
1138 2325 1343 2413 paruerant²
1365 2334 1405 2394 ut

348 2432 382 2491 et
414 2427 478 2512 ipsi
501 2427 543 2492 ab
567 2448 606 2491 eo
635 2431 788 2512 peterent
811 2427 958 2492 remedia
981 2449 1055 2512 quae
1078 2426 1221 2508 vellent;
1245 2434 1280 2494 et
1303 2429 1404 2514 petie·

348 2533 429 2592 runt
451 2529 487 2592 in
509 2527 625 2614 primis
648 2533 688 2592 ut
710 2532 877 2593 statutum
900 2527 941 2593 de
965 2550 1067 2595 manu
1101 2536 1233 2596 mortua
1256 2532 1346 2617 quod
1369 2531 1405 2594 in
1417 2531 1491 2595 Tney
1502 2532 1580 2596 5501&

348 2629 579 2715 praejudieium
625 2633 748 2694 sanetae
786 2629 903 2693 matris
953 2629 1097 2696 ecelesiae
1145 2633 1211 2697 fuit
1268 2634 1405 2709 editum,
1420 2598 1572 2726 mil&

350 2731 523 2796 deleretur.
569 2730 632 2796 Oui
656 2729 790 2815 quidem
813 2730 955 2796 articulo
977 2753 1046 2809 rex,
1068 2733 1157 2816 qnod
1180 2733 1270 2797 idem
1301 2739 1404 2799 statn-
1422 2729 1506 2778 ofthe

351 2830 448 2897 tum³
472 2833 513 2897 de
537 2832 675 2898 concilio
698 2838 930 2918 magnatorum
946 2852 1081 2897 suorum
1096 2833 1206 2899 fuerat
1222 2835 1349 2899 editum
1372 2797 1564 2912 etffiffiaifi,

350 2934 549 3012 ordinatum,
572 2940 607 2998 et
638 2933 763 3018 absque
798 2955 912 2997 eorum
946 2933 1082 2998 consilio
1103 2955 1171 3000 non
1205 2942 1277 2999 erat
1315 2955 1406 3000 revo-

350 3035 501 3100 candum.
559 3034 699 3102 Caeteris
730 3038 842 3098 autem
875 3034 1024 3099 articulis
1056 3056 1137 3120 quos
1169 3039 1408 3122 proposuerunt

352 3137 523 3221 respondit
545 3136 586 3200 de
618 3135 716 3212 sacili,
737 3135 789 3198 ita
811 3135 899 3220 quod
921 3135 1073 3199 frustrati
1097 3140 1132 3200 et
1153 3136 1260 3201 delusi
1283 3137 1407 3202 reversi

352 3243 431 3301 sunt
463 3237 505 3301 ed
540 3235 682 3322 propria,
711 3234 849 3321 obligati
882 3240 996 3300 tamen
1018 3236 1062 3300 ad
1094 3237 1307 3302 medietatem
1330 3259 1407 3303 con·
1420 3248 1560 3312 flagrans

353 3359 485 3404 cessam.
531 3337 659 3402 Eodem
682 3336 784 3401 etiam
807 3357 894 3400 anno
910 3336 1029 3402 habuit
1051 3359 1113 3401 rex
1134 3360 1155 3401 a
1170 3339 1407 3404 communitate
1419 3315 1577 3445 fficiiher

354 3439 447 3526 regni
485 3438 650 3503 decimum
688 3437 861 3502 denarium
907 3442 943 3502 et
978 3459 1000 3503 a
1035 3438 1229 3504 civitatibus
1274 3444 1406 3505 sextum
1536 3419 1541 3429 ¹

350 3541 530 3606 denarium.

395 3643 520 3708 Eodem
543 3661 631 3706 anno
654 3638 862 3705 Wallenses⁴
876 3640 1033 3706 rebellare
1048 3649 1221 3727 coepenmt
1243 3641 1406 3708 eircafes·

350 3751 423 3810 tum
440 3743 546 3810 saneti
562 3741 742 3822 Michaelis,
789 3741 1025 3808 Convenerunt
1038 3748 1151 3808 autem
1167 3750 1201 3809 et
1216 3748 1407 3810 statuerunt

351 3847 439 3910 inter
476 3867 511 3909 se
550 3844 639 3930 quod
676 3843 713 3906 in
750 3843 822 3928 ipso
860 3842 914 3908 die
946 3844 1052 3909 sancti
1084 3845 1256 3910 Michaelis
1293 3866 1406 3911 omnes
1419 3858 1537 3907 Another

350 3947 553 4012 unanimiter
589 3949 764 4031 surgerent
808 3949 924 4010 eontra
961 3967 1078 4031 regem,
1118 3950 1152 4011 et
1189 3950 1298 4011 eastra
1334 3946 1406 4031 ejus
1418 3924 1549 4040 fflsson.

349 4049 549 4114 dirimerent.
583 4047 629 4111 Et
650 4047 764 4112 eodem
787 4046 841 4111 die
864 4046 960 4131 quasi
979 4069 1023 4110 ex
1044 4047 1223 4133 improviso
1246 4053 1406 4134 ceperunt

350 4150 483 4216 castella
521 4148 634 4212 multe.
697 4146 931 4233 Oeperuntque
968 4152 1114 4214 castrum
1137 4147 1179 4212 de
1210 4147 1406 4213 Carnarvan

352 4252 441 4338 quod
472 4273 533 4317 rex
564 4254 678 4316 noster
708 4249 834 4314 dudum
857 4249 1142 4335 sumptuosissime
1165 4254 1406 4325 eonstruxerat,

383 4502 451 4555 ¹011
469 4501 568 4568 margin
591 4501 619 4550 of
636 4503 691 4552 MS.
710 4500 769 4552 ins
789 4502 853 4552 later
935 4499 1099 4550 Marcilium
1128 4499 1161 4549 de
1194 4501 1305 4560 uatus,
1333 4502 1409 4552 MSS.

351 4583 420 4634 hund
431 4582 452 4632 is
464 4579 595 4630 Medietus
607 4579 725 4631 tenorum
742 4579 852 4630 sceksioe
903 4580 1025 4646 wrongly.

349 4661 502 4725 daturreqi.
937 4657 949 4691 ⁴
965 4660 1033 4708 Here
1044 4673 1078 4708 ou
1096 4657 1281 4725 bothmargim
1292 4657 1322 4726 '‘is
1339 4659 1410 4710 Wal-

382 4739 575 4803 ²paraveruut,
593 4735 680 4800 MSS„
697 4738 744 4788 bnt
761 4737 852 4788 uniter·
904 4737 983 4788 lentes
994 4735 1121 4788 rebellant
1132 4743 1222 4789 contu
1234 4753 1325 4803 reuera.

349 4816 686 4883 liuediuA.asifrrroug.
