3625 5784
574 903 843 956 mrousmnnsre
866 904 1077 958 onnonrcon.
1318 898 1362 962 59

133 1087 283 1142 cmm
352 1102 389 1160 In
404 1100 452 1158 xla
474 1097 609 1176 sequenti
623 1097 836 1159 Normauniam
851 1099 934 1160 adiit.
980 1102 1114 1161 Fratrem
1129 1121 1216 1162 enum
1232 1104 1364 1164 Odonem

134 1179 272 1248 ffisssslfl·
307 1191 495 1250 Baiooensem
517 1190 685 1265 episeopum
707 1191 745 1248 ed
767 1193 931 1250 custodiam
944 1190 1065 1265 Angliae
1086 1194 1216 1267 reliquit.
1262 1197 1365 1253 Plures

307 1281 355 1340 An
358 1282 426 1354 glias
465 1281 578 1338 nobiles
615 1299 712 1338 secum
750 1281 846 1348 duxit,
881 1281 995 1340 seilioet
1031 1282 1152 1340 eomitee
1189 1285 1364 1360 Edwynum,

133 1250 261 1299 250-284

136 1877 212 1924 2344.

307 1373 489 1440 Morkarum,
504 1371 656 1443 lidgarum
670 1370 819 1446 Adelyug,
841 1375 872 1428 et
893 1371 1046 1474 potissime
1071 1373 1248 1445 Stigandum
1270 1375 1364 1432 arehi-

307 1461 475 1536 episcopum
510 1460 751 1520 cantuariensem
783 1461 918 1534 quamvis
950 1461 983 1519 iu
1016 1463 1072 1520 hoo
1102 1461 1215 1535 jugiter
1236 1465 1364 1522 reniten·
1397 1485 1400 1490 ·

308 1557 379 1620 tem,
403 1553 457 1608 sub
478 1551 624 1610 velamine
645 1555 745 1608 tamen
767 1551 886 1610 honoris
908 1552 965 1609 hoo
986 1551 1057 1609 feeit
1078 1570 1117 1608 ne
1140 1555 1211 1626 quid
1233 1555 1364 1629 perfidias

309 1659 341 1698 eo
377 1642 497 1698 absente
534 1657 586 1714 per
620 1639 683 1713 ejus
720 1641 926 1698 auotoritetem
971 1641 1131 1715 pullularet
1164 1642 1197 1699 in
1242 1644 1364 1716 Anglia.

310 1731 393 1788 Inter
424 1749 488 1803 quea
522 1729 640 1788 difficile
673 1735 719 1787 est
748 1730 831 1788 dictu
862 1730 982 1804 quantis
1003 1749 1072 1788 eum
1094 1733 1262 1806 exeeperint
1283 1734 1364 1791 obse·

137 1806 223 1870 Tm·
235 1807 286 1858 ⁰⁰¹·
310 1820 398 1894 epuiis,
423 1820 581 1892 dignanter
602 1821 792 1893 assurgendo,
808 1821 1061 1894 prooessionaliter
1075 1823 1252 1880 ooounendo
1275 1825 1365 1896 longa

311 1910 384 1968 serie
420 1928 560 1984 pompm·
605 1911 656 1968 sed
693 1910 834 1984 quiequid
877 1911 938 1968 hiis
974 1911 1128 1982 tegebatur
1170 1913 1365 1970 velaminibus

312 2000 408 2074 erupit
445 1999 678 2074 postmodum
669 2019 702 2056 ιιι
745 2001 857 2057 olerum
896 2001 1012 2072 quando
1050 2001 1186 2058 veniente
1223 2005 1364 2074 Angliam

312 2091 407 2162 legato
444 2108 528 2164 papae
565 2090 602 2146 de
638 2090 717 2162 regis
755 2090 952 2157 oonniventia,
991 2091 1150 2148 eoueilium
1190 2093 1365 2162 eelebrente,

314 2179 473 2250 Stigaudue
509 2178 658 2253 depositus
695 2185 751 2246 est,
782 2180 870 2236 fidem
906 2178 987 2251 regis
1014 2179 1129 2252 jugiter
1166 2180 1365 2256 interpellans.

314 2270 375 2326 Rex
397 2274 507 2335 autem,
522 2275 557 2324 ut
579 2270 652 2325 satis
666 2275 796 2336 noverat,
813 2269 920 2326 blande
939 2287 970 2326 se
987 2287 1128 2327 exousans
1142 2276 1174 2327 et
1187 2277 1366 2345 prmeeptnm

314 2377 395 2432 papie
426 2359 564 2427 obiciens,
599 2358 774 2430 Stignudum
809 2359 905 2431 quoad
926 2358 1040 2416 viveret
1072 2360 1104 2416 iu
1135 2360 1261 2418 vinculis
1284 2363 1367 2419 Win·
1408 2401 1412 2405 .

314 2449 402 2504 touias
436 2448 571 2505 detinuit.
629 2448 699 2504 Post
728 2450 792 2506 hase
814 2447 988 2506 imminente
1008 2449 1105 2506 hieme
1126 2468 1179 2507 rex
1201 2452 1368 2508 Willolruus

315 2537 454 2610 Angliam
476 2538 566 2594 rediit
588 2537 762 2610 inportabile
785 2539 932 2594 tributum
953 2536 1061 2610 Anglis
1083 2539 1200 2609 indixit,
1216 2541 1366 2598 civitatem

315 2628 472 2685 Exoestriae
504 2633 606 2684 eontra
637 2645 667 2684 se
697 2627 888 2686 rebellantem
911 2627 1035 2696 obsedit,
1058 2635 1089 2684 et
1109 2629 1239 2702 infregit.
1284 2632 1368 2687 lune

315 2717 401 2774 (litha
423 2717 572 2774 eomitissa
593 2733 667 2773 uxor
689 2717 836 2789 quondam
868 2717 1004 2775 Godwini
1035 2717 1140 2775 relieta
1172 2720 1245 2775 urbe
1279 2721 1367 2776 Flan-

315 2808 408 2864 driam
438 2807 558 2879 navigio
589 2823 620 2863 se
653 2807 814 2865 transtulit.
861 2807 899 2863 In
933 2807 992 2864 ieta
1020 2807 1171 2864 obsidione
1193 2808 1368 2865 mirabiliter

316 2898 384 2954 urbs
406 2897 491 2970 quasi
514 2897 593 2953 ultro
620 2896 730 2952 decidit
759 2902 790 2953 et
811 2897 975 2968 ingressum
999 2897 1147 2969 patefeoit.
1192 2898 1270 2955 Nam
1292 2915 1369 2954 unus

316 3005 331 3043 e
368 2985 480 3044 civibus
521 3003 610 3058 supra
645 3003 764 3042 murum
805 2991 886 3042 stans
923 2985 1035 3042 nudato
1073 2986 1196 3057 inguine
1232 2985 1370 3059 pudendo

317 3077 415 3134 sonitu
438 3093 539 3134 auram
563 3074 732 3133 foedaverat.
778 3076 844 3132 Hoc
866 3093 983 3148 quoque
1004 3093 1083 3132 anuo
1105 3093 1238 3148 prooeres
1259 3077 1368 3132 North·

318 3168 450 3233 umbriae,
466 3165 610 3222 saevitiam
626 3165 769 3223 Willelmi
784 3165 985 3232 formidantes,
1001 3166 1126 3238 sumptis
1141 3183 1239 3222 seeum
1254 3167 1371 3237 Edgsro

317 3255 454 3329 Adelyng
488 3273 556 3311 oum
587 3261 758 3334 metrejsno
780 3255 900 3326 Agatha
926 3272 960 3310 ao
984 3255 1096 3311 duabus
1118 3257 1265 3313 sororibus
1288 3257 1370 3312 Mar-

318 3351 417 3417 gareta
438 3349 469 3402 et
492 3344 669 3411 Christiana,
693 3345 731 3402 ad
753 3363 852 3418 regom
876 3345 1033 3401 Scotorum
1063 3345 1257 3402 Malkolmum
1287 3345 1370 3404 navi·

318 3440 433 3507 gerunt.

361 3525 477 3584 Volunt
509 3529 609 3581 tamen
641 3523 781 3580 nonnulli
815 3524 894 3596 quod
917 3523 1052 3596 Edgarue
1085 3523 1245 3596 praediatus
1267 3526 1372 3584 videns

320 3631 418 3688 regem
439 3613 608 3686 Anglorum
640 3613 771 3685 undique
805 3613 931 3681 turbari,
954 3631 1073 3670 aeoeusa
1094 3615 1165 3670 navi
1187 3633 1254 3671 oum
1277 3623 1372 3674 matre

319 3723 369 3762 sua
400 3709 432 3761 et
461 3703 609 3760 sororibus
642 3702 750 3760 reverti
783 3703 817 3758 iu
850 3704 976 3776 patriam
1010 3703 1158 3776 propriam
1191 3722 1250 3778 qua
1283 3713 1372 3763 natus

319 3795 413 3851 tuerat
434 3793 617 3866 disponebat,
641 3793 760 3848 suborta
792 3797 891 3849 tamen
925 3797 1098 3866 tempestate
1129 3795 1258 3851 Seotiam
1290 3797 1372 3853 adiro

319 3884 484 3956 cogebatur.
530 3881 595 3952 Qua
617 3881 768 3938 oooasione
790 3887 889 3939 notum
912 3887 958 3938 est
982 3887 1018 3938 ut
1039 3901 1091 3939 rex
1114 3882 1221 3940 Sentias
1244 3886 1370 3942 Malkol·

318 3990 384 4029 mus
405 3973 603 4045 Margaretam
625 3971 745 4028 duoeret
768 3971 801 4028 in
822 3989 953 4040 uxorem,
969 3971 1006 4028 de
1020 3990 1079 4045 qua
1093 3973 1198 4044 genuit
1219 3992 1270 4030 sex
1295 3974 1372 4032 filios

321 4069 351 4119 at
380 4063 455 4120 duae
488 4061 565 4117 filias
594 4061 632 4117 de
659 4060 766 4134 quibus
790 4060 935 4134 Edgerue,
958 4060 1136 4130 Alexander,
1160 4046 1266 4130 David,
1288 4083 1372 4136 reges

321 4153 439 4210 inerunt
452 4155 519 4225 post
533 4155 654 4224 patrem.
694 4141 849 4208 Metildis¹
863 4151 967 4225 nupsit
980 4151 1045 4224 regi
1059 4143 1372 4224 Auglorum'Henrioo

320 4243 425 4314 primo,
448 4241 613 4314 dequibus
636 4241 778 4313 prooessit
799 4240 925 4298 Metilda
946 4242 1127 4316 imperatrix.
1183 4242 1287 4300 Altera
1310 4244 1373 4300 fllia

320 4331 414 4388 Maria
442 4331 545 4404 nupsit
574 4329 733 4386 Eustochio
764 4330 866 4386 oomiti
896 4331 1039 4388 Bononiae
1072 4331 1110 4387 de
1141 4348 1200 4403 qua
1232 4333 1374 4403 prooessit

320 4409 473 4478 Matildis¹
495 4437 561 4492 quse
575 4424 642 4492 post
656 4419 759 4493 nupsit
780 4421 844 4492 regi
868 4421 1026 4493 Stephano.
1071 4419 1136 4476 Hoo
1159 4437 1273 4492 quoque
1295 4439 1374 4477 anno

320 4528 371 4567 rex
393 4509 560 4567 Willelmus
591 4509 720 4566 firmarit
743 4515 872 4566 oestrum
895 4509 974 4582 apud
997 4497 1215 4579 Βιιοιίιιςςιιιιι8
1239 4513 1271 4565 et
1292 4509 1373 4566 aliud

320 4598 398 4673 apud
421 4599 616 4666 Linoolniam,
632 4604 664 4655 et
685 4598 744 4656 duo
766 4603 862 4657 eastra
883 4598 964 4673 apud
978 4599 1150 4655 Eboracum.
1194 4597 1260 4655 Hoo
1282 4596 1374 4656 etiam

353 4841 519 4903 ¹Maa‘1dua,
531 4841 597 4904 MS,
608 4847 634 4894 et
645 4841 719 4896 intra.
769 4897 775 4904 ⁸
836 4841 841 4905 Ι
905 4839 1040 4892 'Soboth
1051 4840 1129 4894 MSS.
