3625 5784
596 901 868 955 marsuamsss
891 903 1101 956 anomoeis.
1334 894 1376 958 93

325 1118 423 1173 negem
446 1099 570 1174 phocide,
586 1100 761 1172 suggerebat
774 1094 907 1174 optime.1
953 1101 995 1157 At
1017 1118 1085 1156 cum
1109 1101 1289 1158 lanfrancus
1311 1120 1375 1158 om·

325 1191 411 1247 nibus
443 1188 527 1262 quasi
559 1189 719 1245 virtutibus
752 1189 906 1262 ingenium
944 1189 1105 1257 solidasset,
1137 1191 1168 1245 in
1198 1192 1372 1247 eleemosina

325 1285 423 1336 tamen
454 1279 601 1351 praecipue
632 1279 712 1336 dicto
742 1284 773 1336 et
806 1280 884 1336 aeto
917 1279 1053 1346 effloruit,
1081 1285 1166 1336 niens
1204 1298 1282 1352 saepe
1318 1282 1374 1336 hoo

324 1369 422 1437 verbo,
447 1371 467 1394 ‘¹
480 1369 556 1424 Date
578 1367 783 1425 eleemosinam
797 1374 828 1424 et
841 1387 907 1424 ecoe
923 1369 1023 1425 omnis
1036 1369 1147 1424 munda
1170 1375 1239 1425 sunt
1261 1369 1373 1425 vobis.¹’

326 1459 453 1514 Etcum
475 1457 600 1514 avaritia
622 1457 822 1528 Lougobardis
844 1458 988 1514 familiare
1010 1457 1050 1514 sit
1071 1457 1189 1525 vitium,
1213 1477 1230 1514 a
1252 1477 1375 1532 persona

324 1567 376 1604 sua
398 1549 486 1619 longe
508 1548 623 1619 depulit
644 1547 700 1602 hoc
733 1547 914 1618 contagium,
937 1547 1009 1603 adeo
1032 1552 1066 1602 ut
1088 1546 1120 1602 in
1154 1566 1294 1620 pauperes
1327 1567 1374 1604 ex·

324 1636 464 1708 penderet
484 1636 597 1693 victum
619 1642 650 1692 et
670 1637 818 1692 restitum
863 1637 927 1693 Nec
957 1636 1086 1708 pudebat
1120 1655 1187 1692 aum
1220 1639 1278 1694 alto
1310 1656 1376 1693 suc·

324 1727 453 1782 cinctum
475 1743 616 1798 pauperes
636 1744 775 1794 mereare,
796 1731 848 1782 aut
870 1726 1023 1782 tenerioris
1045 1726 1170 1782 sortunae
1193 1727 1317 1783 scolares
1339 1727 1378 1782 ad

325 1815 531 1887 disputationis
553 1815 722 1871 conflictum
744 1833 909 1887 provocare.
961 1815 1031 1870 Post
1052 1815 1149 1882 verba,
1173 1815 1290 1888 utrique
1312 1817 1375 1872 lati

325 1904 455 1969 abibant,
477 1905 572 1960 victor
593 1922 629 1960 ex
652 1904 782 1960 scientias
809 1904 969 1976 triumpho,
993 1905 1090 1960 victus
1123 1923 1158 1960 ex
1190 1905 1374 1962 verecundiae

326 1993 438 2058 solatio.
492 1994 686 2050 Promorebat
719 1993 869 2065 potissime
901 1995 1110 2049 monachornm
1143 2001 1172 2050 et
1204 1995 1375 2051 clericorum

325 2083 511 2148 habitacula;
535 2083 693 2139 renovabat
714 2082 841 2138 viriliter
868 2083 1063 2154 possessiones
1085 2083 1235 2140 abeuntes.
1283 2085 1375 2155 Quem

325 2172 495 2228 animabant
517 2173 624 2228 mentis
646 2171 788 2228 vivacitas
810 2176 841 2228 ct
866 2172 946 2227 beati
970 2172 1116 2227 Dunstani
1139 2173 1220 2228 favor
1253 2175 1285 2228 in
1307 2191 1375 2229 eum

325 2263 442 2330 effusus,
464 2279 534 2316 nam
557 2261 807 2332 quotienscunque
830 2261 863 2316 in
884 2261 993 2316 talibus
1008 2262 1229 2318 cunctabundus
1253 2263 1378 2318 deferret

326 2351 510 2417 sententiam,
535 2350 635 2406 aderet
658 2350 830 2406 Dunstauus
852 2356 987 2422 soporato
1010 2351 1174 2406 Lanfrsnco
1198 2352 1376 2407 adversario-

325 2457 392 2494 rum
415 2441 553 2512 detegens
575 2438 718 2497 versutias
739 2446 769 2495 et
792 2438 934 2495 evadendi
958 2439 1112 2495 ostendens
1134 2441 1268 2496 semitas:
1294 2441 1377 2513 quin·

326 2529 416 2585 ctiam
453 2529 611 2602 aliquando
648 2534 811 2600 aegrotante
849 2519 1033 2584 Lanfranco²
1065 2530 1222 2586 luctamine
1260 2548 1375 2604 quoque

327 2636 425 2674 secum
448 2618 619 2674 Dunstenus
641 2618 731 2673 inisse
753 2618 906 2674 videbatur
929 2617 1038 2689 eripuit
1058 2619 1232 2684 discrimini,
1248 2621 1378 2674 restitnit

287 2763 291 2769 ,
327 2707 499 2764 valetudini.
542 2709 582 2762 Et
604 2712 638 2762 ut
660 2726 696 2763 ex
718 2707 781 2762 vita
804 2707 951 2762 Dunstani
974 2707 1133 2778 colligitur,
1151 2708 1330 2764 lanfrancus
1345 2710 1377 2763 in

327 2797 556 2854 confessionibus
584 2795 738 2852 audiendis
775 2801 837 2852 tem
870 2797 938 2869 pius
975 2802 1005 2852 et
1042 2796 1167 2851 affabilis
1205 2797 1313 2861 extitit,
1345 2804 1377 2852 nt

327 2905 431 2942 manus
454 2885 509 2942 sibi
532 2875 778 2941 consistentium³
800 2891 917 2958 peraeta
940 2886 1120 2940 consessione
1144 2885 1331 2952 oscularetur,
1349 2893 1378 2942 et

328 2976 447 3041 diceret,
472 2974 612 3030 “Manus
628 2974 693 3030 istas
708 2994 756 3030 me
771 2976 889 3031 beatum
904 2975 1037 3030 iecerunt
1052 2974 1168 3030 bodie.’'
1214 2974 1286 3045 Eq'ns
1309 2993 1377 3046 quo-

328 3083 384 3136 que
405 3071 536 3136 tempore
558 3064 695 3120 monachi
718 3064 943 3120 cantuarienses
978 3062 1054 3118 sicut
1077 3081 1178 3119 omnes
1211 3064 1271 3120 fare
1305 3071 1377 3120 tuno

327 3145 489 3226 temporis⁴
509 3153 541 3208 in
564 3153 677 3224 Anglia
698 3153 835 3210 monachi
858 3153 1038 3209 secularibus
1054 3151 1134 3208 baud
1149 3151 1296 3210 absimiles
1318 3154 1377 3209 nisi

328 3244 406 3314 quod
428 3241 602 3314 pudicitiam
623 3260 684 3298 non
707 3243 793 3298 facile
808 3233 987 3314 perderem?
1009 3242 1121 3308 venari,
1146 3245 1294 3314 aucupari,
1319 3249 1377 3300 tos·

328 3349 406 3388 seras
428 3339 556 3403 quatere,
579 3332 696 3404 potibus
719 3332 872 3403 indulgere
895 3337 1120 3398 consueverunt,
1137 3337 1170 3386 ut
1192 3331 1287 3404 majus
1310 3334 1375 3389 illos

328 3423 461 3478 consules
483 3439 571 3493 quam
592 3420 750 3476 monachos
778 3439 832 3494 pro
862 3422 1040 3476 famulorum
1066 3421 1229 3492 frequentia
1251 3427 1377 3494 putares.

328 3511 443 3567 Horum
458 3509 644 3566 insolentiam
666 3511 846 3566 lanfrancus
861 3510 1032 3582 aliquandiu
1049 3510 1193 3576 toleravit,
1210 3517 1255 3567 sot
1275 3530 1377 3584 oppor-

328 3605 399 3656 tune
421 3605 585 3656 commento
608 3599 786 3655 austeritatis
808 3601 958 3657 extenuit.
1006 3600 1123 3656 Sciebat
1156 3601 1235 3656 enim
1267 3603 1377 3674 peritus

154 3687 305 3754 Tusrol.
328 3691 492 3746 animarum
515 3689 655 3760 magister
676 3690 916 3746 consuetudinem
939 3708 957 3744 a
986 3695 1093 3744 natura
1115 3707 1177 3745 esee
1209 3691 1377 3758 secundom,

152 3760 233 3807 2863.

328 3786 359 3834 ct
379 3778 545 3853 repentiora
566 3796 681 3833 morum
708 3779 896 3835 conversione
926 3779 1084 3834 teneriores
1118 3779 1232 3834 animos
1264 3799 1377 3836 exacer-

329 3869 399 3924 bari.
444 3867 626 3941 Quapropter
639 3885 691 3939 per
712 3868 868 3926 intervalla
889 3867 996 3923 blande
1011 3869 1153 3924 nonnulla
1176 3860 1378 3925 submonens⁶

327 3963 390 4014 cote
419 3959 564 4013 virtutum
592 3956 681 4012 rudes
709 3957 748 4011 ed
779 3958 890 4012 bonum
921 3957 1077 4013 exacuebat
1109 3963 1232 4024 mentes,
1268 3959 1310 4014 ita
1344 3965 1379 4014 ut

327 4047 466 4103 abdicatis
488 4046 661 4102 adulterinis
683 4047 803 4102 foetibus
825 4047 952 4102 ultronei
976 4047 1106 4118 geniales
1124 4047 1271 4103 virtutum
1287 4047 1378 4120 adop·

327 4141 423 4192 tarent
445 4153 603 4203 successus,
626 4136 704 4191 unde
725 4142 756 4193 et
778 4137 854 4192 inest
877 4137 909 4190 in
932 4137 974 4192 eis
1005 4136 1100 4192 adhuc
1123 4136 1202 4192 beati
1234 4137 1292 4191 riri
1315 4155 1378 4193 me-

327 4225 430 4293 moria,
462 4227 567 4296 ingens
600 4225 638 4281 ad
668 4225 722 4282 deo
753 4225 879 4292 devotio,
913 4225 944 4280 in
976 4225 1106 4298 hospites
1139 4225 1309 4290 affabilitas,
1346 4226 1377 4280 in

326 4316 500 4371 alterutrum
522 4320 626 4370 mutua
647 4315 759 4372 caritas.
805 4315 865 4370 Hic
895 4315 1076 4372 Lonfrancus
1097 4314 1214 4368 nullum
1248 4331 1377 4385 uuquam

361 4595 368 4627 ¹
387 4600 532 4660 opportune,
544 4591 623 4658 Higd.
876 4593 953 4643 MSS.
966 4591 989 4641 is
1002 4589 1171 4654 lanfrancus
1186 4598 1286 4642 revoco!
1298 4609 1381 4643 rimisa-

360 4673 371 4704 ²
387 4679 546 4738 ‹eqmtantem
553 4669 737 4735 lanfrancum,
750 4670 829 4737 Higd.
877 4673 938 4722 elios
949 4670 982 4720 ab
995 4669 1126 4720 moribus
1136 4671 1198 4720 suis.

360 4751 371 4782 ³
386 4753 567 4816 confitentium,
580 4752 657 4815 lligd.
912 4750 921 4780 ⁵
935 4748 1081 4815 proderent,
1093 4748 1170 4814 iligd.

360 4831 370 4862 ⁴
388 4831 457 4882 llere
480 4845 515 4881 ou
538 4831 580 4882 the
602 4829 700 4896 mmgiu
718 4828 748 4882 oi
763 4830 826 4880 both
912 4826 1180 4894 matriacenfligd.
