3625 5784
613 918 883 968 nnrcnsranusrs
908 920 1117 971 onaourcos.
1331 906 1394 973 275

342 1103 453 1169 viliter
475 1110 607 1172 retonsa
638 1114 673 1173 et
695 1108 897 1187 abbreviata,
922 1110 1010 1175 unde
1034 1110 1175 1196 populus
1200 1109 1293 1195 regni
1316 1130 1393 1196 gra-

339 1205 427 1270 viter
459 1208 728 1293 conquerebatur,
762 1216 797 1275 et
819 1234 878 1276 rex
901 1212 1078 1277 veritatem
1113 1212 1190 1276 inde
1222 1211 1393 1297 inquirens

337 1313 372 1372 et
405 1310 580 1375 veritatem
612 1314 824 1397 oomperiens,
848 1319 1014 1378 trecentos
1048 1318 1082 1378 et
1114 1312 1226 1398 plures
1259 1314 1300 1377 de
1332 1312 1390 1377 illo
1405 1321 1540 1376 &ctifica-

337 1409 456 1475 delicto
494 1419 529 1477 et
565 1413 689 1479 felonia
726 1415 857 1501 publice
895 1416 1046 1492 convicit,
1080 1437 1220 1500 quorum
1255 1414 1390 1500 quidam
1403 1388 1552 1507 *effidem

62 1548 65 1551 -
168 1506 251 1621 Tpva
264 1509 313 1559 ⁰0¹·
337 1510 475 1578 fuerunt
509 1517 666 1601 suspensi,
690 1517 825 1601 quidam
848 1517 1000 1582 distracti
1025 1522 1059 1581 et
1091 1517 1239 1602 suspensi
1275 1538 1390 1581 secun·
1478 1474 1517 1524 g.

166 1580 241 1628 Μ’
337 1612 415 1676 dum
441 1615 552 1681 delicti
576 1618 771 1703 qualitatem
803 1625 837 1683 et
871 1619 1101 1703 quantitatem.
1149 1619 1194 1682 Et
1220 1618 1390 1683 ordinavit

337 1717 425 1800 quod
456 1718 633 1805 sterlingus
668 1720 783 1785 obolus
821 1725 856 1784 et
885 1721 1052 1806 quadrans
1088 1721 1241 1805 deinceps
1279 1726 1389 1785 essent

336 1819 480 1884 rotundi.

392 1922 531 1986 interim
578 1923 689 1987 David
733 1924 840 1988 frater
889 1922 1030 1988 Lewlini
1081 1944 1140 2009 per
1189 1921 1386 1987 affinitatem

334 2024 632 2109 consanguinitatis
654 2025 773 2091 habuit
795 2046 929 2090 uxorem
956 2027 996 2089 de
1020 2024 1107 2089 dono
1130 2024 1224 2109 regis,
1259 2023 1299 2087 de
1334 2026 1387 2088 ca'-

333 2146 425 2189 mera
456 2126 580 2211 reginae
603 2126 817 2191 Helianoram
841 2126 983 2191 nomine.
1030 2125 1082 2190 Ex
1105 2147 1172 2209 qua
1194 2145 1293 2190 causa
1324 2146 1385 2188 rex
1507 2124 1509 2131 '

332 2227 511 2292 faciteam
534 2227 748 2293 senescallum
771 2232 805 2292 et
828 2228 998 2293 custodem
1023 2226 1063 2289 fle
1087 2227 1240 2291 omnibus
1268 2227 1384 2291 castris
1397 2222 1531 2299 bavian-

331 2330 400 2392 suis
431 2330 468 2393 in
491 2330 621 2407 Wallia,
656 2330 781 2396 scilicet
813 2330 854 2394 de
889 2327 1077 2394 Rothelan¹
1110 2336 1145 2393 et
1176 2328 1257 2392 aliis.
1306 2328 1382 2414 Ipse
1397 2290 1531 2421 &lilio

330 2438 441 2496 autem
476 2433 553 2497 inde
585 2433 684 2497 nimis
715 2432 876 2518 superbus
899 2432 1044 2509 effectus,
1068 2431 1285 2497 circumvenit
1317 2430 1382 2495 fra·
1396 2424 1540 2477 mmm·

331 2538 417 2597 trem
440 2554 537 2598 suum
561 2534 747 2599 Lewlinum
767 2524 884 2598 'tertia
906 2534 977 2597 vice
1002 2554 1157 2617 guerram
1202 2537 1378 2617 temptare.

331 2634 375 2699 Et
396 2637 492 2701 venit
513 2636 693 2723 proditiosa
715 2658 789 2701 cum
813 2634 931 2721 grandi
956 2634 1076 2721 populo
1100 2633 1325 2709 Wallensium,
1349 2637 1383 2697 et

329 2738 451 2802 multos
488 2738 645 2826 anglicos
683 2738 803 2804 occidit
835 2738 924 2823 apud
964 2736 1128 2801 Rothelan
1179 2740 1213 2800 et
1260 2734 1382 2819 Flynte

329 2844 436 2904 castra
459 2840 553 2925 regis,
577 2839 701 2916 scilieet
724 2840 946 2914 cementarios
970 2836 1203 2922 carpentarios
1236 2840 1270 2900 et
1300 2835 1382 2900 alios

327 2942 491 3025 operarios
513 2942 572 3027 qui
599 2942 783 3007 servierant
814 2941 892 3025 regi,
920 2960 1008 3003 anno
1041 2938 1157 3024 gratiae
1191 2952 1381 3002 nocuum.

328 3042 424 3122 Quod
447 3066 522 3109 cum
544 3066 605 3109 rex
628 3044 775 3109 audisset
798 3049 832 3108 et
855 3041 1023 3107 intellexit
1046 3040 1210 3125 disposuit
1240 3062 1274 3104 se
1305 3060 1380 3105 eum

326 3144 505 3210 baronibus
537 3145 605 3209 suis
639 3146 687 3209 ire
721 3146 757 3210 in
781 3143 937 3209 Walliam
972 3142 1014 3208 ad
1041 3142 1229 3207 bellandum
1265 3147 1381 3207 contra

325 3246 494 3331 perjurum
518 3252 553 3311 et
575 3247 731 3311 miserum
763 3245 948 3311 Lewlinum
980 3251 1015 3310 et
1050 3244 1212 3308 Davidem
1244 3243 1380 3308 fratrem
1394 3242 1448 3357 Thg
1460 3240 1524 3308 king

325 3348 417 3432 ejus3
450 3349 508 3413 sed
530 3348 595 3413 ista
628 3370 748 3435 guerra
782 3354 855 3412 erat
888 3347 994 3424 ferox,
1028 3346 1132 3423 sortis,
1167 3351 1200 3411 et
1233 3345 1377 3424 taediosa¹
1394 3324 1529 3425 illailla

325 3472 402 3515 nam
436 3451 471 3514 in
503 3450 622 3535 hyeme
654 3450 844 3535 contigerat
889 3449 1056 3514 Lewlinus
1079 3448 1280 3513 instauravit
1311 3468 1379 3512 cas·
1393 3440 1492 3506 against

325 3557 415 3617 trum
453 3553 494 3617 de
533 3552 742 3617 Snowdonne
781 3552 822 3615 de
859 3550 1060 3616 victualibus
1108 3554 1142 3615 et
1188 3549 1377 3614 hominibus
1392 3507 1546 3561 rhewanh.

324 3656 461 3720 armatis
482 3655 566 3721 adeo
588 3655 677 3740 quod
699 3676 759 3718 rex
782 3652 924 3719 nescivit
942 3652 1000 3718 ubi
1016 3651 1153 3718 haberet
1175 3652 1378 3737 ingressum;

324 3758 425 3844 Angli
440 3779 521 3822 vero
542 3779 602 3842 per
625 3755 797 3822 brachium
811 3756 914 3819 maris
930 3756 1043 3820 venire
1066 3754 1218 3819 fecerunt
1233 3754 1378 3839 bargias,

323 3859 471 3936 batellas,
503 3858 681 3936 naviculas,
716 3863 751 3923 et
781 3879 910 3944 grossas
947 3857 1081 3943 plancas
1113 3856 1156 3922 ad
1189 3856 1376 3922 faciendum

323 3962 511 4049 passagium
545 3962 634 4027 dicto
658 3960 793 4026 castello
816 3965 885 4025 tam
908 3959 1116 4046 pedestribus
1140 3980 1239 4043 quam
1263 3979 1377 4043 eques-

324 4063 450 4129 tribus:
473 4063 531 4129 sed
547 4062 729 4127 Wallenses
751 4063 834 4126 adeo
857 4062 959 4126 fortes
990 4065 1086 4126 erant
1108 4061 1196 4146 quod
1220 4060 1376 4145 Anglicos
1391 4061 1423 4112 111
1435 4076 1544 4177 ‘lecal

324 4168 360 4231 in
381 4167 497 4253 fugam
519 4166 774 4242 retroarcebant,
797 4165 847 4229 ita
881 4164 969 4249 quod
991 4184 1169 4229 concursus
1191 4161 1377 4247 Anglorum
1390 4129 1527 4245 {531oessss

325 4273 395 4333 tam
428 4268 569 4333 festinus
600 4272 635 4332 et
668 4265 804 4352 grandis
837 4264 953 4330 extitit
984 4264 1027 4328 ad
1061 4262 1254 4349 fugiendum
1289 4210 1509 4376 quodffigfilrl·

325 4370 454 4457 pondus
478 4391 591 4435 eorum
614 4368 797 4455 suppressit
819 4367 952 4453 bargias
974 4365 1009 4429 in
1032 4365 1204 4451 profundo,
1221 4370 1255 4428 et
1276 4363 1376 4430 multi
1449 4360 1455 4376 '

326 4474 405 4539 boni
428 4473 550 4538 milites
572 4471 694 4537 ibidem
718 4470 857 4537 fuerunt
878 4490 958 4535 nece
980 4468 1118 4544 subacti,
1141 4465 1298 4533 videlicet
1320 4466 1376 4533 do·

326 4577 437 4641 minus
474 4575 624 4661 Rogerus
662 4574 703 4638 de
742 4571 902 4658 Clyfford
930 4570 1083 4635 dominus
1114 4567 1299 4634 Willelmus
1336 4569 1378 4635 de
1391 4576 1535 4695 {alapam

359 4728 427 4781 ¹120.
440 4730 584 4782 Rhuddlan.
911 4722 1007 4773 ²Here
1018 4738 1052 4773 on
1063 4722 1125 4773 both
1136 4720 1277 4787 marginatis
1288 4720 1379 4771 Tertia

875 4817 973 4869 guerra
986 4798 1108 4851 hecelini.

1185 4896 1245 4960 st
