3625 5784
612 915 880 966 LEYOESTRENSIS
902 915 1112 966 mosmos.

765 1237 874 1328 [cer.
897 1239 997 1327 πμ

344 1431 531 1590 ²Canuto
567 1435 699 1498 mortuo
736 1430 827 1497 facts
864 1435 916 1495 est
952 1430 1042 1517 apud
1077 1429 1244 1496 Oxoniam
1278 1451 1400 1518 magna
1413 1443 1518 1497 contat

465 1533 638 1600 altercatio
660 1533 701 1599 de
724 1533 818 1619 regni
841 1532 1053 1598 successione.
1099 1531 1269 1598 Leofricus
1284 1534 1399 1599 consul
1413 1513 1559 1631 :ffffin

342 1635 524 1704 Oestrensis
547 1641 582 1700 et
606 1636 717 1702 caeteri
743 1634 784 1699 de
816 1634 999 1699 borialibus
1035 1633 1185 1719 partibus
1220 1634 1397 1702 Tbemisise
1413 1619 1567 1721 Thence..

343 1759 499 1804 unacum
516 1735 802 1803 Londonicnsibus
818 1735 1004 1801 Haraldum
1020 1733 1188 1800 Harefot³
1202 1740 1241 1801 ut
1256 1737 1397 1824 putaba·
1413 1737 1530 1788 rherum

343 1845 399 1904 tur
422 1837 546 1904 Canuti
569 1845 604 1903 et
628 1837 756 1924 Elgivae
791 1837 1056 1924 Hamptunensis
1078 1838 1186 1903 filium
1209 1844 1404 1906 erexerunt..
1412 1805 1543 1920 {fflssssn'

343 1940 507 2008 Nonnulli
541 1940 706 2029 putabant
739 1941 841 2004 istum
872 1938 1058 2004 Haraldum
1090 1940 1192 2005 fuisse
1226 1941 1397 2027 cujusdam
1412 1946 1518 2000 ⁸¹¹Pl>0rt

344 2043 465 2110 sutoris
486 2043 593 2108 filium
618 2043 675 2108 sed
702 2041 811 2107 dolose
838 2063 898 2128 per
923 2041 1076 2128 Elgivam
1100 2043 1293 2129 praedictem
1320 2066 1398 2132 sup·
1411 2002 1547 2122 {wion

344 2148 488 2235 positum
512 2145 599 2212 sicut
620 2145 724 2209 alium
749 2145 899 2210 Suanum
922 2150 1141 2232 supposuerat
1163 2146 1235 2212 sibi

389 2247 557 2314 Hsraldus
579 2247 682 2333 igitur
704 2245 740 2310 in
762 2267 872 2331 regem
895 2251 1023 2311 erectus
1045 2246 1197 2311 Emmam
1220 2247 1261 2312 de
1276 2248 1400 2335 Anglia
1413 2247 1570 2325 Iteismase

344 2351 474 2437 expulit
496 2371 658 2436 gazasque
682 2348 789 2435 regias
811 2347 853 2413 ab
877 2370 916 2414 ee
938 2348 1072 2426 exemit,
1094 2351 1152 2414 sed
1174 2370 1283 2416 comes
1299 2350 1398 2417 Flan-
1413 2314 1543 2432 iffi?

345 2455 426 2521 driae
464 2475 536 2519 eam
575 2475 651 2520 cum
688 2452 875 2518 reverentia
917 2453 1061 2538 suscepit
1099 2457 1134 2518 et
1170 2454 1267 2519 fovit.
1329 2454 1398 2520 Iste
1412 2461 1493 2562 {seen

348 2555 517 2621 Haraldus
548 2554 667 2620 hebuit
702 2574 819 2638 corpus
851 2553 894 2618 ad
926 2554 1062 2620 modum
1100 2554 1220 2640 leporis
1258 2560 1293 2621 et
1325 2556 1400 2622 ideo
1436 2529 1512 2563 mma.

349 2659 521 2725 dicebatur
543 2657 675 2723 Harfot.
721 2657 790 2722 Iste
823 2655 991 2722 Haraldus
1022 2659 1068 2722 iv.
1101 2679 1190 2724 anno
1221 2660 1315 2746 regni
1348 2661 1400 2725 sui

350 2768 500 2827 mortuus
535 2758 714 2826 Londonise
749 2759 837 2844 apud
872 2757 1206 2825 westmonasterium
1244 2761 1400 2846 sepultus.
1416 2767 1515 2817 Harde-

356 2864 430 2945 Quo
457 2870 588 2930 mortuo
615 2863 776 2927 miserunt
800 2882 950 2948 proceres
974 2882 1034 2948 pro
1061 2861 1296 2928 Hardccauuto
1323 2841 1557 2965 tuncfffister

354 2988 429 3032 oum
452 2971 559 3032 metro
583 2985 643 3030 sue
666 2965 785 3030 Emma
806 2963 843 3027 in
867 2961 1026 3028 Flandria
1048 2963 1198 3049 degente.
1418 2965 1479 3016 him.

397 3077 621 3133 Hardccanutue
643 3075 763 3131 veniens
785 3073 927 3145 Angliem
950 3074 1011 3129 fere
1033 3074 1129 3128 tribus
1151 3073 1236 3130 ennie
1259 3077 1404 3145 regnavit,

226 3128 250 3208 ··
351 3167 396 3222 nil
417 3172 517 3223 tamen
541 3165 635 3237 gloria
667 3165 792 3236 dignum
826 3164 896 3236 egit.
943 3164 1004 3219 Iste
1026 3162 1172 3219 Alsricum
1195 3163 1405 3222 Eboracensem

253 3288 259 3300 ·
313 3286 320 3298 ·
351 3246 542 3330 episcopum⁴
573 3273 640 3311 cum
664 3253 813 3327 Godwyno
836 3253 1019 3309 Londoniam
1041 3252 1132 3320 misit,
1157 3270 1260 3326 corpus
1282 3255 1407 3313 Harsldi

244 3354 249 3367 “
350 3347 428 3420 regis
449 3363 544 3420 nuper
567 3344 675 3418 sepulti
698 3343 730 3398 in
753 3342 896 3400 ultionem
919 3341 1037 3413 injurias
1052 3343 1154 3399 matris
1177 3362 1238 3400 suu
1253 3345 1406 3402 exhumari

350 3437 420 3493 fecit
441 3441 473 3492 et
495 3435 589 3508 capite
612 3433 737 3490 abscisso
760 3433 792 3488 in
820 3431 998 3506 Themisiem
1021 3433 1122 3506 proici.
1169 3433 1226 3490 Sed
1248 3435 1405 3508 piscatores

353 3525 564 3599 comperientes
587 3523 773 3580 tradiderunt
796 3523 962 3594 sepultura.

396 3619 464 3685 Iste
497 3617 591 3684 dedit
625 3615 770 3684 secundo
805 3636 893 3681 anno
932 3615 1027 3703 regni
1062 3615 1114 3682 sui
1146 3615 1253 3683 Danis
1284 3619 1404 3706 xxviij.
1417 3623 1563 3702 ngxuriom

353 3720 433 3786 mill.
473 3719 509 3785 lo'.
552 3719 685 3806 argenti
728 3718 771 3783 ad
811 3721 966 3804 sumptus
1005 3717 1144 3804 hospicii
1181 3720 1277 3805 regis.
1340 3721 1405 3787 Sed
1417 3691 1498 3807 ἓξὲξ
1509 3757 1559 3808 thu

353 3822 487 3892 tandem
533 3821 613 3886 deta
650 3826 701 3886 cst
748 3838 870 3904 magna
915 3839 1047 3885 summa
1088 3820 1283 3885 animalium
1321 3822 1406 3888 bene
1418 3822 1487 3888 king.

351 3945 542 3991 crassorum.
590 3921 658 3988 Iste
692 3919 761 3985 fuit
784 3924 889 3986 tentae
921 3919 1087 4007 largitatis
1111 3943 1148 3987 eo
1173 3923 1263 4009 quod
1288 3930 1407 4011 quater

350 4029 386 4094 in
425 4028 478 4093 die
517 4026 597 4092 fecit
634 4025 817 4111 praeparari
854 4023 981 4090 cibaria
1018 4024 1156 4091 familiae
1194 4048 1271 4094 suae.
1336 4028 1404 4094 Iste

352 4129 611 4196 Herdecanutus
651 4133 804 4193 mortuus
849 4133 899 4192 est
941 4127 1044 4193 tercio
1088 4150 1176 4194 anno
1220 4130 1314 4217 regni
1354 4133 1406 4197 sui
1419 4129 1495 4208 Ηθρῡ

346 4235 382 4300 in
420 4254 487 4298 una
519 4231 655 4298 bovaria
689 4236 724 4296 et
757 4229 907 4316 sepultus
942 4231 1030 4316 apud
1066 4230 1404 4300 westmonasterium.
1418 4199 1547 4314 &uppem

350 4334 419 4400 Istc
450 4332 611 4400 sustinuit
643 4331 757 4398 Dauos
791 4328 825 4393 in
853 4329 977 4417 Anglie
1007 4329 1045 4396 in
1077 4335 1209 4396 tentum
1244 4331 1407 4399 dominari
1419 4329 1534 4382 minster.

383 4625 484 4676 ¹Frcm
495 4625 529 4675 A.
563 4623 684 4676 Thefirst
701 4621 855 4672 fourrerds
907 4578 1300 4711 ωἷῇἷὲῗῐῖῑωῗῃῐῑωθῗῐθῐ
1316 4585 1345 4637 0f
1364 4588 1408 4642 the

350 4705 378 4755 ot
397 4705 440 4756 the
451 4704 557 4770 chapter
574 4717 618 4754 cre
635 4700 661 4752 in
680 4702 749 4770 large
766 4701 855 4753 leiim
940 4738 951 4770 s
967 4737 1077 4803 Earsos,
1089 4738 1123 4789 A,

354 4783 448 4835 inus·
940 4816 1192 4884 ⁴arctiepr'ccopcm,
1204 4821 1286 4888 Higd.
