3625 5784
622 873 891 924 nnromrsnrsrs
914 874 1123 926 cnsorucou.
1337 864 1402 930 363

345 1067 435 1154 apud
469 1066 586 1152 Bayon
620 1067 708 1132 cives
731 1067 774 1131 eb
807 1066 1031 1154 Heleregard,¹
1054 1068 1167 1134 etalii
1200 1069 1335 1154 quidam
1359 1091 1402 1134 ex

345 1169 467 1235 nostris
497 1169 614 1254 quiin
638 1190 750 1234 eorum
772 1169 900 1235 auxilio
932 1171 1024 1234 missi
1047 1170 1183 1236 fuerant
1213 1193 1289 1237 cum
1312 1172 1399 1236 obsi-

345 1273 503 1338 derentur
525 1293 546 1336 a
570 1270 713 1349 Francis,
738 1273 825 1356 quod
848 1272 1049 1337 victualibus
1071 1272 1138 1338 fere
1169 1273 1399 1339 deficientibus

343 1379 403 1438 aut
426 1374 608 1439 necessario
630 1377 796 1459 oporteret
818 1373 854 1437 in
877 1374 1030 1460 proximo
1054 1375 1101 1440 cis
1124 1395 1320 1454 succurrere,
1338 1371 1399 1441 aut

342 1476 490 1542 obsessos
512 1475 601 1541 fame
617 1475 762 1553 deficere,
777 1477 832 1540 vel
848 1477 937 1561 quod
951 1477 1169 1544 abborrerent
1185 1478 1244 1542 in²
1259 1480 1396 1544 immen-

341 1599 423 1654 sum,
446 1579 483 1642 in
505 1597 623 1641 manus
646 1577 792 1642 bostium
815 1599 850 1642 se
872 1579 1011 1644 tradere.
1060 1578 1134 1659 Quo
1157 1580 1282 1657 audito,
1304 1581 1394 1646 festi-

339 1682 436 1746 navit
489 1701 595 1746 comes
641 1680 699 1764 qui
745 1681 866 1745 nostris
912 1687 1062 1768 praeerat,
1107 1687 1143 1747 et
1197 1685 1393 1769 praeparatis
1456 1733 1459 1737 -

337 1783 527 1849 necessariis
568 1781 734 1869 profectus
778 1787 829 1846 est
873 1803 948 1849 cum
997 1783 1046 1848 dc.
1089 1785 1227 1849 armatis
1263 1790 1298 1850 et
1358 1809 1389 1852 x
1403 1791 1519 1871 Alorco,

338 1886 486 1952 millibus
508 1885 658 1972 peditum
682 1883 867 1949 electorum.
927 1885 1117 1971 Mansitque
1140 1886 1255 1952 eodem
1278 1887 1332 1953 die
1354 1862 1555 1988 mmm

336 1990 482 2076 vesperis
498 1987 587 2074 apud
603 1983 792 2050 Perlorarde
806 1982 838 2066 3³
860 2007 957 2050 mane
972 1992 1083 2051 autem
1107 1987 1198 2052 facto
1220 1989 1390 2054 continua·

337 2092 388 2156 vit
410 2091 474 2155 iter
496 2091 663 2175 inceptum
700 2107 803 2173 usque
826 2088 870 2151 ad
892 2087 1008 2152 horam
1042 2088 1251 2154 undecimam
1274 2090 1389 2156 volens
1489 2152 1495 2166 ,

337 2194 365 2258 si
402 2198 513 2280 posset
550 2191 664 2255 eodeni
704 2188 758 2253 die
796 2190 936 2255 obsessis
973 2191 1157 2256 subvenire.
1206 2192 1251 2256 Et
1295 2201 1391 2259 erent

335 2316 447 2359 omnes
493 2293 612 2357 armati
658 2295 692 2356 et
737 2291 821 2356 bene
858 2291 982 2357 muniti
1019 2294 1099 2378 quia
1136 2295 1391 2380 suspicabuntur

335 2397 444 2462 hostes
483 2395 519 2458 in
557 2394 715 2480 proximo,
753 2414 821 2458 non
860 2397 973 2458 tamen
1012 2394 1052 2458 de
1090 2400 1180 2461 certo
1218 2396 1389 2475 sciebant;

334 2497 634 2585 gradiebanturque
679 2517 737 2581 per
781 2500 910 2560 turmas
947 2517 1024 2560 suas
1062 2496 1172 2561 tribus
1213 2498 1389 2564 distinctas

334 2599 475 2674 aciebus,
512 2601 682 2683 portantes
719 2594 926 2660 frumentum
962 2604 997 2661 et
1035 2618 1136 2662 onera
1172 2597 1260 2662 inter
1297 2599 1387 2685 ipsas
1400 2614 1546 2681 Coniugio

333 2723 409 2767 suas
432 2705 581 2778 turmas;
604 2719 744 2782 cumque
780 2719 846 2763 non
869 2698 1034 2763 distarent
1056 2699 1099 2764 ab
1122 2699 1204 2765 urbe
1236 2700 1302 2764 nisi
1325 2723 1386 2788 per
1397 2686 1559 2800 {hfflmh

333 2805 379 2890 iij.
402 2805 511 2869 leucos
534 2802 687 2878 modicos,
705 2807 739 2865 et
761 2807 848 2866 esset
862 2802 936 2887 ipsa
958 2801 1028 2865 dies
1048 2803 1191 2866 multum
1214 2802 1543 2881 inclinateisobstruc-

332 2908 451 2972 silvam
474 2905 568 2991 quasi
591 2904 753 2970 modicam
785 2925 859 2988 quae
883 2908 956 2967 erat
977 2903 1014 2966 in
1036 2905 1093 2968 via
1125 2905 1266 2969 transire
1288 2881 1539 2997 festi-ffibgfflffi

331 3009 466 3076 nabent.
513 3008 653 3095 Egresse
675 3011 786 3072 eutem
810 3005 879 3070 scie
902 3005 1010 3091 prima
1032 3027 1054 3071 a
1075 3005 1161 3071 silva
1187 3007 1330 3073 occurrit
1353 3009 1384 3073 ei
1397 3014 1494 3064 Artob-

331 3112 488 3199 inplens
519 3110 660 3198 planicie
692 3129 798 3174 comes
821 3107 862 3172 de
892 3108 1020 3195 Artoys
1055 3130 1129 3173 oum
1161 3108 1253 3174 mille
1286 3115 1321 3175 et
1352 3111 1384 3178 d.

331 3213 468 3284 armatis
490 3233 549 3298 per
571 3212 618 3297 iij.
642 3211 727 3275 acies
750 3207 925 3274 distinctas
948 3215 983 3273 et
1015 3215 1194 3295 separatus.
1241 3210 1382 3299 Congre-

330 3315 499 3381 dientibus
521 3313 627 3399 igitur
656 3312 771 3397 primis
795 3310 925 3375 duabus
947 3312 1092 3396 primum
1122 3313 1255 3377 aciebus
1279 3320 1383 3381 retro

329 3419 442 3485 cedere
478 3415 556 3481 fecit
577 3414 701 3479 alienos
733 3413 819 3477 scies
850 3417 965 3476 nostra
988 3435 1092 3498 usque
1127 3414 1171 3478 ed
1205 3416 1382 3481 secundam

328 3522 451 3598 aciem;
489 3533 556 3604 qua
593 3515 768 3600 conjuncta
801 3536 876 3580 cum
916 3515 1024 3600 prima
1057 3521 1092 3580 ot
1129 3519 1383 3602 superveniente

328 3622 437 3702 tertia,
460 3623 634 3684 verterunt
660 3639 694 3682 se
716 3615 823 3681 nostri
845 3620 880 3681 et
903 3616 961 3680 alii
983 3617 1222 3703 insequuntur:
1245 3620 1381 3686 interim

327 3723 532 3788 transierunt
563 3718 671 3785 nostri
703 3719 761 3802 qui
792 3718 828 3782 in
866 3717 987 3784 ultima
1024 3719 1176 3784 custodia
1213 3727 1308 3786 erant
1346 3729 1381 3788 et
1392 3730 1512 3783 Alteras

327 3825 500 3891 obviantes
521 3827 647 3907 quartae
670 3819 752 3885 aciei
775 3818 879 3905 ipsius
902 3819 1041 3897 comitis,
1057 3821 1164 3906 ipsam
1182 3821 1219 3885 in
1234 3823 1378 3889 velocem
1392 3813 1534 3916 {math

326 3927 442 4014 fugam
473 3923 568 4010 quasi
602 3942 660 4008 pro
695 3920 800 3985 nihilo
832 3925 1075 3986 converterunt.
1123 3922 1170 3986 Et
1202 3922 1293 3989 iacta
1328 3931 1379 3990 est
1391 3928 1458 4008 sides
1468 3947 1512 3982 are

326 4029 464 4094 obscura
497 4048 575 4100 nor,
599 4025 649 4088 ita
671 4023 759 4108 quod
782 4021 894 4086 nullus
929 4030 1178 4108 cognosceretur
1200 4025 1244 4088 ab
1275 3996 1530 4092 astemusperseu.

359 4309 367 4340 ¹
386 4308 418 4357 In
435 4305 486 4356 this
505 4306 576 4368 place
594 4303 657 4353 both
669 4301 744 4353 MSS.
759 4300 825 4350 heve
877 4307 953 4350 teucc
972 4301 1073 4363 beyond
1084 4301 1261 4364 Peyrehorade
1278 4319 1307 4352 os
1324 4303 1379 4353 that

324 4384 446 4452 relcyard
457 4384 555 4434 written
567 4382 627 4431 with
640 4397 656 4430 a
667 4381 742 4430 smsll
752 4381 826 4429 letter
877 4386 944 4428 town
954 4376 976 4428 is
987 4378 1053 4428 from
1065 4379 1198 4442 Beyonm.

324 4473 352 4516 st
362 4467 405 4517 thc
416 4462 561 4530 beginning.
595 4462 647 4511 But
663 4460 707 4510 the
717 4473 791 4510 name
803 4458 825 4509 is
910 4457 921 4489 ¹
938 4457 965 4505 in
978 4458 1128 4507 immam.
1162 4458 1243 4509 These
1254 4461 1336 4510 words
1352 4460 1379 4512 in

324 4543 401 4610 given
412 4542 492 4593 below
501 4541 528 4590 in
540 4540 603 4590 both
614 4553 642 4589 es
653 4534 824 4603 Helcreqard.
877 4536 912 4585 A.
925 4550 967 4585 are
978 4535 1077 4584 written
1094 4537 1177 4585 above
1188 4536 1217 4586 in
1228 4553 1316 4586 manus
1327 4541 1379 4589 and

218 4659 220 4664 ,
323 4623 455 4673 Icanuot
477 4619 595 4670 discover
617 4617 685 4667 what
707 4615 825 4679 placeio
876 4629 946 4666 seem
956 4621 1002 4664 not
1013 4619 1041 4664 to
1052 4614 1239 4678 belongtothe
1255 4623 1319 4675 text,
1331 4619 1379 4667 but

323 4709 416 4752 meant.
457 4698 541 4749 There
563 4697 586 4748 is
606 4712 622 4747 s
643 4703 710 4746 mun
733 4696 825 4745 named
875 4693 1307 4756 havebeenincorporatedinMS.

325 4777 500 4845 Bonneparde
517 4777 596 4827 about
618 4775 660 4826 the
684 4789 753 4824 some
773 4772 825 4822 dis·
908 4773 977 4822 δίο.
990 4771 1174 4836 Peyrehorade.
