3625 5784
427 837 493 901 124
775 849 921 899 uunurcl
946 848 1128 898 uersuros

429 1049 550 1108 clerioos
581 1051 655 1106 bene
691 1040 840 1107 melodes¹
877 1047 1092 1106 inconsiderate
1139 1047 1272 1122 prodigs
1318 1049 1404 1108 Unde
1449 1053 1480 1108 et

429 1138 574 1196 seoiustioi
597 1141 731 1196 centibus
763 1144 795 1196 et
815 1139 948 1196 versibus
970 1139 1073 1194 fumosi
1096 1137 1134 1194 ud
1156 1157 1220 1195 esm
1243 1139 1326 1212 qussi
1358 1139 1394 1196 de
1416 1145 1479 1196 toto

429 1231 498 1286 orbe
543 1229 737 1286 oonfluebeut.
783 1229 841 1286 Sed
874 1233 905 1284 et
941 1227 974 1283 in
1011 1229 1084 1284 elios
1128 1228 1318 1286 adventantes
1362 1230 1480 1302 profuse

429 1319 617 1392 expendebat.
658 1320 706 1375 Its
727 1337 832 1392 nempe
861 1318 964 1373 inuste
986 1322 1030 1374 est
1052 1319 1200 1374 mentibus
1222 1319 1374 1374 hominum
1397 1319 1479 1392 eupi-

428 1409 506 1465 ditss
528 1410 640 1481 glories,
664 1409 772 1465 utrix
792 1408 899 1481 uliquis
923 1407 1012 1463 etiem
1035 1407 1118 1464 bonae
1142 1407 1327 1465 eonscientiae
1360 1412 1482 1465 eonten-

428 1504 477 1555 tus
507 1499 547 1554 sit
577 1497 647 1554 boui
679 1497 774 1570 operis
804 1497 956 1566 fructibus,
991 1497 1061 1568 quin
1096 1497 1180 1554 dulos
1214 1498 1302 1554 duest
1333 1495 1416 1555 efferi
1449 1497 1481 1554 in

428 1589 544 1660 vulgus.
589 1588 677 1645 Unde
711 1587 789 1659 quod
811 1587 863 1642 ills
884 1587 940 1642 hue
963 1587 999 1642 de
1022 1604 1110 1642 osuse
1132 1586 1249 1644 oolonos
1272 1605 1338 1643 suos
1371 1589 1480 1662 expiln·

428 1679 514 1743 verit,
538 1676 668 1734 consiliis
690 1675 893 1732 ministrorum
917 1675 1057 1747 imputari
1079 1677 1195 1749 poterit.

476 1767 607 1839 Septimo
630 1766 770 1822 kelendns
793 1766 972 1838 Septembris
996 1767 1099 1822 solutis
1133 1765 1258 1822 navibus
1292 1767 1371 1838 spud
1407 1767 1479 1823 Bsr-

428 1845 555 1912 beflete²
577 1857 609 1911 in
639 1856 822 1913 Normsnnis
854 1873 906 1909 rex
928 1873 1064 1928 prospere
1086 1856 1227 1927 Anglism
1259 1855 1361 1922 renit;
1394 1873 1480 1929 quem

429 1946 642 2018 primogenitus
666 1963 737 2001 suus
759 1933 951 2000 Wilielmus³
981 1943 1063 2016 sequi
1086 1945 1224 2016 gestiens,
1249 1946 1413 2002 submersus
1435 1949 1482 2002 est

429 2053 495 2091 oum
534 2034 637 2090 multis
681 2033 829 2090 nobilibus
872 2051 933 2088 nou
978 2033 1065 2106 louge
1102 2052 1120 2090 a
1156 2039 1243 2092 terre.
1289 2035 1372 2090 Inter
1409 2051 1481 2106 quos

429 2125 549 2180 fuerunt
593 2123 737 2180 Biesrdus
780 2123 889 2179 nothus
927 2121 1006 2177 filius
1043 2124 1131 2195 regis,
1165 2124 1227 2181 filis
1275 2123 1353 2196 regie
1389 2125 1482 2180 nothe

429 2213 578 2270 eomitissa
608 2213 717 2279 Persio,
750 2213 894 2270 Rienrdus
929 2229 1024 2269 eomes
1060 2213 1181 2271 Gestriae
1215 2231 1281 2269 enm
1304 2231 1393 2271 uxore
1428 2231 1481 2270 sue

428 2304 507 2375 regis
529 2310 627 2376 nepte,
650 2302 871 2358 erohidineonus
885 2302 1069 2360 Heresordise
1092 2322 1159 2360 oum
1181 2303 1248 2358 eliis
1270 2303 1326 2360 oxl.
1348 2321 1480 2361 numero.

428 2393 473 2449 De
495 2393 601 2466 quibus
622 2392 723 2448 nullus
754 2393 847 2448 evasit
869 2391 928 2447 nisi
951 2409 1029 2448 unus
1052 2393 1191 2464 ignobilis
1212 2394 1340 2448 rustinus
1374 2392 1480 2450 maeel·

428 2481 528 2548 lsrius,
568 2481 619 2554 qni
649 2486 712 2537 tots
747 2486 832 2538 noete
866 2480 945 2537 melo
982 2487 1174 2554 snpernstuns
1211 2483 1249 2538 sd
1286 2482 1358 2539 litus
1395 2500 1481 2538 mene

426 2577 529 2628 ventus
565 2577 620 2637 est,
658 2571 710 2643 qui
740 2575 833 2626 totsm
870 2569 1046 2641 trsgmdism
1084 2571 1239 2628 enarravit.
1277 2571 1339 2627 'Hii
1375 2589 1481 2645 nempe

428 2679 528 2717 omnes
558 2679 625 2716 cum
659 2660 830 2716 temulentie
860 2660 960 2715 nentis
997 2679 1103 2717 navem
1134 2679 1241 2718 norem
1275 2661 1410 2732 ingressi,
1445 2662 1481 2718 de

429 2755 514 2806 nocte
536 2749 595 2806 cito
618 2749 650 2804 in
683 2751 836 2821 scopulum
858 2766 918 2804 non
941 2750 1027 2822 longe
1050 2768 1068 2806 e
1090 2754 1169 2806 terre
1200 2751 1394 2824 impegerunt.
1443 2752 1481 2807 Et

428 2845 515 2912 rupte
536 2837 605 2895 novi
628 2839 770 2895 demissus
800 2843 844 2894 est
867 2837 1032 2896 willelmus
1055 2839 1133 2912 regis
1156 2839 1235 2896 filius
1269 2839 1300 2895 in
1332 2841 1479 2913 sosphsm,

427 2947 486 3002 qun
508 2929 581 2985 bene
604 2928 711 2985 sslvsri
732 2928 876 3001 potuisset
910 2929 947 2986 sd
970 2930 1041 2985 litus
1064 2947 1212 3002 regressus
1234 2929 1292 2985 nisi
1324 2931 1361 2987 sd
1383 2931 1481 2986 uluis·

427 3023 491 3074 tum
514 3020 620 3075 sororis
643 3036 703 3074 sure
725 3016 841 3073 rediens
862 3017 1013 3092 recipisset
1035 3037 1099 3074 enm
1122 3019 1154 3073 iu
1173 3020 1319 3092 seephem.
1366 3020 1481 3092 Scapha

427 3109 507 3164 enim
538 3109 590 3163 ills
623 3107 750 3179 pondere
784 3107 979 3164 insilientium
1013 3126 1149 3182 oppresse
1182 3127 1282 3165 omnes
1314 3109 1478 3176 submersit,

427 3203 548 3272 exeepto
570 3196 679 3253 rustico
713 3196 862 3270 prrsdioto.
910 3199 949 3254 nt
972 3197 1050 3270 quod
1083 3198 1251 3254 mirandum
1272 3203 1316 3254 est
1347 3197 1379 3253 in
1402 3217 1477 3254 oms-

426 3288 491 3343 tino
523 3287 652 3342 multum
675 3285 804 3342 thesauri
837 3287 1038 3361 reperiebatur
1068 3305 1120 3362 per
1154 3287 1251 3355 litore,
1275 3288 1325 3344 sed
1357 3305 1478 3361 oorpors

426 3377 630 3432 defunctorum
664 3376 758 3441 nulle,
790 3376 842 3432 sed
865 3379 991 3451 aequoris
1022 3377 1161 3433 monstris
1193 3378 1224 3432 in
1247 3377 1353 3451 psbnls
1385 3395 1477 3433 oesse·

426 3469 504 3522 runt
553 3466 593 3520 Et
615 3463 767 3520 dicebatur
789 3467 867 3537 quod
890 3485 963 3539 pene
986 3483 1085 3523 omnes
1101 3466 1147 3521 illi
1170 3466 1327 3523 Sodomitoe
1350 3467 1475 3523 fuerunt

425 3556 553 3626 Insuper
581 3559 612 3610 et
643 3555 694 3609 ille
716 3554 884 3611 Willelmus
914 3557 992 3628 regis
1026 3556 1237 3629 primogenitus
1268 3558 1365 3628 palem
1399 3574 1475 3613 eom-
1490 3539 1634 3607 'TW-⁰⁰¹·

425 3643 555 3699 minutus
572 3644 668 3699 fueret
690 3643 805 3714 Augus,
821 3645 899 3717 quod
922 3646 947 3701 si
969 3645 1126 3719 aliquando
1148 3643 1311 3700 dominium
1334 3613 1563 3718 moipemt²³⁶²·

425 3751 513 3805 super
545 3750 604 3799 eos,
638 3733 722 3804 qussi
744 3733 832 3790 boves
864 3735 903 3791 nd
925 3740 1054 3791 aratrum
1089 3734 1204 3790 tmhere
1236 3734 1352 3791 feneret.
1398 3733 1477 3804 Quin

425 3822 516 3878 etism
554 3821 698 3878 Riosrdus
735 3840 831 3880 eomes
868 3823 989 3882 Uestris
1029 3823 1223 3881 oomminatus
1261 3825 1366 3890 fueret,
1400 3823 1477 3896 quod

424 3930 492 3969 oum
515 3912 552 3967 de
573 3911 756 3967 Normsnnis
777 3912 886 3970 rediret
908 3915 1064 3970 monachos
1086 3912 1251 3970 Oestrensos
1274 3913 1383 3970 deleret
1405 3931 1476 3986 quos

425 4005 510 4074 peter
531 4017 601 4056 snus
624 3999 801 4059 institueret
857 4003 927 4059 Post
950 4003 1013 4060 haeo
1045 4003 1135 4058 Fnleo
1169 4021 1265 4060 eomes
1295 4003 1476 4075 Audegsviae

424 4091 585 4164 proedietus
614 4107 695 4147 soeer
716 4091 859 4150 Willelmi
891 4091 1034 4149 submersi
1060 4093 1097 4148 de
1128 4097 1206 4149 term
1228 4098 1329 4149 ssnots
1361 4092 1477 4150 rediens

424 4179 576 4237 meritsvit
597 4181 721 4236 slterem
743 4180 835 4239 filiam
858 4201 941 4239 serem
964 4181 1026 4238 filio
1049 4181 1170 4236 Roberti
1193 4182 1377 4251 Courtehose,
1409 4201 1477 4240 eum

425 4288 483 4344 qus
504 4269 587 4326 dedit
609 4270 781 4326 oomitetnm
804 4271 1063 4338 Oenomsunioum,
1087 4289 1121 4326 eo
1144 4271 1221 4344 quod
1256 4290 1307 4327 rex
1330 4272 1477 4328 Henrious

424 4359 588 4416 retinuerat
610 4359 642 4414 in
664 4359 776 4431 Anglis
798 4361 895 4418 dotem
930 4359 999 4418 iiliae
1022 4378 1091 4418 suae.
1136 4361 1206 4417 Post
1228 4361 1292 4418 hese
1322 4379 1374 4417 rex
1396 4362 1476 4418 Hen-

1379 4515 1476 4528 —

455 4598 463 4632 ¹
481 4597 596 4658 melodos,
608 4597 687 4662 mgr.
1007 4598 1017 4631 ¹
1034 4597 1076 4652 on
1088 4598 1150 4650 both
1161 4597 1275 4666 margins
1291 4597 1321 4658 is,
1337 4597 1478 4652 Wiilelrsns

453 4675 464 4709 ¹
485 4675 629 4742 Barlqfletr,
641 4676 718 4742 Higd.
969 4675 1048 4740 filius
1059 4677 1127 4743 repis
1138 4677 1280 4730 wtmersrss
1291 4693 1345 4729 cum
1356 4677 1450 4730 multis.
