3625 5784
606 900 877 952 unromrnuusrs
900 901 1111 954 onaouroon.
1325 894 1386 960 161

340 1117 408 1155 eum
431 1098 499 1155 aliie
520 1099 623 1155 multia
656 1099 753 1172 iprum
788 1100 961 1172 renavigare
990 1105 1156 1173 coegerunt.
1203 1102 1302 1174 Igitur
1323 1109 1390 1176 poet

339 1207 464 1246 remum
487 1195 604 1262 tempus
627 1191 707 1262 apud
729 1191 931 1246 Turonensem
953 1196 1138 1264 expectatum
1160 1208 1246 1264 regen
1268 1193 1389 1264 Angliae

338 1284 368 1334 ct
390 1280 534 1346 Francia,
557 1297 633 1336 uuna
655 1299 707 1352 per
728 1285 846 1346 terram,
870 1281 946 1336 alter
966 1299 1019 1354 per
1041 1299 1121 1337 mare
1143 1299 1234 1354 neque
1258 1282 1390 1339 Siciliam

340 1361 563 1438 devenerunt;1
593 1369 644 1425 nbi
682 1389 733 1426 rex
756 1371 887 1427 Ranciae
921 1370 1029 1427 delicta
1060 1389 1179 1426 enorum
1212 1373 1390 1427 dissimilius

340 1479 448 1517 nomen
486 1459 556 1532 agni
596 1461 723 1516 sortitua
782 1461 844 1516 Rex
881 1479 951 1517 vero
988 1461 1108 1532 Angliae
1146 1461 1224 1516 nihil
1261 1462 1390 1517 inultum

339 1550 511 1622 relinquens
525 1567 633 1606 nomen
657 1550 749 1606 leonia
764 1550 938 1623 promeruit.
971 1550 1018 1606 Ibi
1042 1569 1156 1624 quoque
1179 1571 1230 1606 rex
1247 1552 1390 1608 Ricardue

342 1639 471 1712 grifones
494 1641 525 1695 in
550 1640 683 1696 Calabria
698 1645 728 1696 et
751 1640 854 1696 Sicilia
875 1641 1067 1713 expugnarit,
1083 1641 1236 1697 castellum
1259 1643 1390 1714 ligneum

342 1736 372 1788 et
405 1730 542 1804 portatile
580 1735 682 1786 eontra
713 1731 863 1786 civitatem
902 1732 1068 1786 Messanam
1106 1731 1210 1799 erexit,
1245 1731 1324 1806 quod
1361 1735 1392 1787 et

342 1809 587 1893 Mategriphum²
609 1818 799 1892 appellavit*
823 1820 887 1891 Quo
910 1821 1028 1893 quidem
1062 1820 1256 1877 instrumento
1290 1821 1393 1876 urbem

341 1909 450 1967 Acrem
486 1909 672 1983 postmodum
711 1909 799 1982 oepit.
856 1909 902 1966 Ibi
941 1909 1030 1966 etiam
1066 1915 1160 1966 mater
1197 1929 1249 1967 aaa
1287 1910 1392 1981 regina

343 1999 465 2056 udduxit
501 1999 538 2055 ad
587 2017 654 2054 eum
693 1999 901 2070 Bereugariam
939 2000 1031 2056 filiam
1067 1999 1146 2072 regia
1183 2001 1393 2068 Navarrorum,

342 2089 488 2161 virginem
533 2088 686 2162 pulchram
731 2094 762 2144 et
808 2088 957 2156 disertam,
1007 2107 1095 2163 qnam
1132 2107 1185 2146 rex
1230 2090 1316 2147 duxit
1363 2089 1394 2145 in

341 2197 469 2236 uxorem.

386 2271 560 2358 Philippus
619 2293 678 2336 rex
716 2269 930 2350 Francorum,
977 2276 1017 2336 ut
1062 2271 1289 2358 supradictum
1335 2276 1394 2350 est,
1407 2289 1560 2340 nereum

343 2373 501 2440 transivit
523 2371 583 2461 pei
604 2376 726 2440 terram
742 2395 817 2439 cum
832 2373 956 2461 populo
970 2372 1053 2438 eno⁸
1075 2374 1263 2460 praecedena
1285 2397 1393 2462 regern
1406 2355 1532 2474 {mg

343 2478 485 2565 Anglire,
524 2483 558 2541 et
597 2497 657 2541 rex
694 2476 826 2562 Angliae
864 2475 1027 2542 Ricardus
1058 2477 1181 2563 carpsit
1217 2478 1283 2543 iter
1320 2499 1395 2544 cum
1409 2514 1524 2564 Mos

343 2581 465 2669 populo
499 2601 559 2643 suo
592 2599 652 2665 per
674 2600 764 2644 mare
798 2577 924 2643 habens
956 2599 1066 2643 secum
1101 2577 1175 2664 xiij.
1197 2579 1397 2666 pergrandes
1410 2580 1437 2629 ki

343 2705 444 2748 navet
467 2682 550 2748 bene
574 2685 710 2747 onustas
732 2685 767 2747 et
790 2680 812 2746 l.
836 2680 950 2768 galiae,
973 2685 1007 2746 et
1030 2681 1078 2746 sic
1110 2681 1274 2768 applicuit
1307 2683 1397 2783 apud

344 2787 502 2873 Cyprum.

1409 2648 1459 2697 Rio
1477 2648 1529 2696 ard.

175 2907 318 2959 (lintrensis
391 2897 524 2953 Profecto
557 2895 678 2952 tandem
700 2913 770 2968 rego
793 2895 973 2952 lii-ancorum
995 2893 1028 2948 in
1063 2893 1190 2967 Syriam,
1212 2913 1264 2951 rex
1285 2894 1400 2967 Angla·

177 2975 220 3024 ”bi
233 2990 318 3040 supra.
345 3005 412 3043 rum
428 2986 644 3059 aliquantulum
667 2991 733 3058 poet
754 3003 822 3042 eum
845 2985 1012 3041 demoratur
1035 2989 1098 3052 eat3
1122 2984 1174 3040 sed
1195 2985 1249 3040 auh
1271 2985 1401 3058 hyemali

177 3064 319 3132 med-llil·
346 3077 406 3134 ctio
438 3079 548 3132 otiosus
585 3095 645 3132 non
683 3081 754 3148 erat,
790 3075 840 3131 aed
873 3073 1015 3130 victualia
1047 3073 1220 3140 transmisit,
1250 3075 1401 3132 machinae

180 3137 236 3184 ¹⁰⁶¹
346 3166 488 3223 confecit:
512 3165 618 3224 deinde
633 3165 669 3222 de
686 3165 788 3222 Sicilia
802 3153 986 3237 procedena,⁴
999 3154 1114 3236 unque⁶
1130 3164 1261 3237 Cyprum
1274 3170 1402 3222 retortus

347 3262 411 3324 eet;
445 3255 496 3313 ubi
534 3256 600 3312 duae
638 3257 727 3328 regiae
774 3273 864 3312 nares
900 3272 955 3329 per
991 3259 1196 3327 tempestatem
1243 3255 1401 3314 confracte

347 3347 526 3403 irruentibus
549 3345 657 3419 inriia
680 3345 812 3418 spoliatae
836 3349 915 3402 eunt.

179 3455 290 3531 leyces-
391 3440 583 3528 Applicenti
613 3440 683 3526 regi
720 3440 861 3506 Ricardo
895 3439 931 3504 in
966 3437 1126 3526 Cypriam
1158 3441 1300 3507 occurrit
1341 3461 1401 3508 rex
1415 3460 1529 3514 nithard

178 3529 278 3573 “effi
349 3544 480 3632 cyprico
503 3541 715 3620 coronandus,
739 3542 916 3630 prohibens
940 3540 971 3607 θὶ
994 3546 1128 3628 limum
1150 3563 1226 3608 (Μ
1249 3528 1563 3647 Ρθῑθῦϋᾶξὲἴῖὲῗᾱ-

347 3667 467 3732 magna
490 3665 532 3710 ne
554 3643 782 3731 ingrederetur
804 3649 928 3710 terram
951 3665 1053 3709 suam.
1413 3661 1495 3729 ingin

182 3759 327 3813 cistrensis.
394 3756 575 3828 Quapropter
597 3773 647 3809 rex
670 3754 812 3810 Rieardue
834 3772 936 3826 regem
957 3759 1044 3811 terrae
1066 3754 1232 3813 satisfacere
1251 3756 1400 3813 nolentem
1414 3731 1522 3796 cypm'·

181 3851 323 3918 Higdaiii.
351 3847 386 3902 de
409 3846 480 3901 urbe
503 3847 535 3900 in
558 3845 660 3900 urbem
688 3833 916 3917 prosequebatur
937 3844 1029 3901 donec
1051 3861 1082 3900 ee
1104 3843 1249 3913 dedieaet;
1273 3846 1402 3902 reddidit

183 3923 309 3980 ¹⁰⁶2103·
351 3935 445 4007 igitur
480 3951 509 3991 se
544 3952 578 3990 eo
600 3939 695 4005 pecte,
720 3938 754 3989 ut
784 3933 816 3988 in
848 3933 976 3991 vinculis
1009 3934 1111 3990 lerreia
1143 3953 1204 3990 non
1238 3941 1402 4007 poneretur.

182 4011 327 4076 'NF-⁰⁰¹·
351 4024 468 4082 Annuit
504 4042 555 4080 rex
594 4023 747 4089 Ricardue,
779 4024 830 4080 red
868 4024 899 4078 in
934 4022 1061 4080 vinculis
1093 4023 1240 4096 argenteis
1277 4024 1404 4098 conjecit

180 4081 255 4128 “⁰⁵⁸
351 4133 439 4182 eum;
472 4120 502 4169 et
539 4112 581 4169 sio
619 4113 655 4168 de
693 4117 755 4168 tota
793 4113 888 4170 insula
926 4113 965 4170 ad
1006 4113 1122 4170 libitum
1160 4113 1313 4187 disposuit,
1351 4132 1405 4189 per

350 4204 488 4260 bimestre
511 4210 626 4275 tempus
650 4201 758 4259 ibidem
781 4203 995 4260 commorando.

383 4495 391 4530 ¹
405 4500 585 4562 peremat,
597 4493 675 4561 lligd.
937 4495 948 4527 ⁴
960 4492 1125 4560 protendens,
1135 4492 1215 4561 Higd.

383 4573 629 4642 'Methouripltirt
640 4577 718 4643 Higd
937 4571 1056 4638 Ἥρωι]
1071 4572 1287 4642 utqueiu,liigd.

350 4735 356 4747 Ι
382 4653 457 4786 Ἐν
472 4671 543 4707 mare
562 4655 644 4707 added
662 4656 722 4708 here
739 4656 854 4722 urongly

349 4751 376 4785 m
436 4772 442 4786 .

427 4866 444 4908 ο
477 4853 569 4908 sltrl·
1251 4843 1273 4899 1⁴
