3625 5784
418 903 486 965 452
769 914 920 966 anselm
943 914 1128 965 sarsurus·

420 1100 583 1168 remeavit
604 1102 641 1167 in
664 1102 822 1192 angliam
853 1103 1020 1171 nesciente
1054 1124 1131 1190 rege
1163 1101 1324 1184 Franciae,
1348 1104 1406 1169 sad
1440 1103 1477 1167 in

420 1206 482 1271 hae
504 1212 600 1293 parte
622 1205 744 1271 deluso.
791 1205 915 1271 Eodem
949 1227 1037 1271 anno
1072 1206 1157 1272 obiit
1189 1206 1355 1271 Robertus
1389 1206 1476 1271 Brus

418 1312 476 1397 qui
499 1334 534 1377 se
558 1310 691 1400 regeml
716 1308 838 1377 Saotiae
859 1310 992 1389 fecerat,
1016 1317 1050 1377 et
1075 1311 1226 1398 sepultus
1248 1311 1338 1398 apud
1360 1310 1474 1375 Doun-

247 1400 374 1517 ffitffi
419 1413 614 1500 fermelyne,
635 1418 671 1479 et
693 1414 847 1501 regnavit
868 1434 927 1478 xx.
949 1414 1054 1480 annis.
1101 1414 1284 1499 Nunquam
1306 1412 1416 1478 fuerat
1438 1413 1475 1477 in

247 1534 336 1584 Bmce.
419 1517 593 1583 retroactis
615 1514 820 1603 temporibus
843 1516 964 1601 aliquis
995 1538 1055 1581 rex
1077 1513 1135 1581 in¹
1157 1515 1270 1581 Scotia
1292 1515 1350 1601 qui
1377 1518 1475 1580 tanta

419 1622 507 1686 mala
529 1619 680 1687 exercuit
701 1618 738 1682 in
759 1618 917 1705 Anglicos
940 1618 1039 1685 sicuti
1062 1618 1125 1683 iste
1155 1617 1360 1705 temporibus
1394 1616 1472 1683 suis.

419 1721 509 1789 Nam
531 1724 569 1787 in
591 1727 725 1787 tantum
747 1721 977 1807 subpeditavit
998 1720 1156 1809 Anglicos
1183 1722 1219 1785 in
1242 1726 1389 1807 tempore
1412 1742 1473 1785 suo

419 1847 481 1912 pro
503 1824 636 1890 defectu
658 1823 874 1912 gubernaculi
896 1824 988 1909 regni
1012 1822 1153 1911 Angliae,
1176 1822 1264 1908 quod
1286 1823 1354 1888 duo
1368 1822 1471 1910 Angli

419 1928 480 1991 vix
501 1926 660 1992 valebant
682 1925 824 1990 debilem
847 1924 992 1991 Scotum.

246 2030 317 2082 Ab.
332 2036 405 2084 18³⁰·
462 2030 562 2093 Anno
574 2027 693 2115 gratiae
708 2042 884 2092 liccem.
901 2031 936 2092 et
951 2027 1046 2115 regni
1066 2026 1154 2114 regis
1170 2026 1327 2091 Edwardi
1342 2030 1471 2112 quarto,

243 2121 404 2237 dudm
417 2151 477 2195 rex
507 2129 689 2196 celebravit
719 2128 976 2214 parliamentum
1004 2128 1093 2215 apud
1116 2127 1381 2195 Wincbestriam.
1429 2128 1469 2192 ln

242 2205 353 2307 aaut&
415 2254 481 2319 quo
515 2232 708 2319 impositum
746 2235 798 2296 est
829 2252 889 2317 per
921 2229 1098 2296 Isabellam
1130 2236 1271 2296 matrem
1310 2233 1397 2317 regis
1435 2236 1470 2295 et

414 2336 582 2423 Rogerum
619 2333 815 2419 Mortymer‚
852 2338 887 2398 et
924 2332 1008 2397 alios
1043 2330 1107 2397 de³
1144 2354 1258 2397 eorum
1292 2337 1468 2411 conventu,

413 2437 502 2523 quod
526 2436 722 2502 Edmundus
745 2456 853 2501 comes
876 2434 1005 2503 cantic
1029 2434 1213 2500 avunculus
1238 2435 1325 2523 regis
1351 2439 1468 2501 contra

411 2540 607 2605 fidelitatem
631 2559 725 2603 suam
748 2542 994 2625 procuraverat,
1016 2541 1051 2601 et
1073 2558 1236 2601 summam
1258 2536 1466 2625 diligentiam

412 2640 621 2717 adhibuerat,
652 2639 696 2705 ad
727 2638 956 2704 liberationem
990 2638 1147 2703 Edwardi
1179 2638 1345 2724 quondam
1378 2640 1466 2727 regis

411 2742 543 2830 Angliae
565 2742 682 2807 fratris
704 2741 757 2806 sui
779 2740 821 2805 dc
843 2739 979 2806 castello
1005 2739 1046 2805 de
1070 2738 1254 2826 Berkeleye
1288 2741 1323 2804 in
1347 2740 1464 2826 praeju-

410 2843 534 2909 dicium
566 2848 601 2909 et
622 2864 804 2932 gravamen
837 2862 975 2918 coronae,
997 2840 1086 2906 unde
1112 2841 1244 2907 dictus⁴
1268 2840 1464 2907 Edmundua

410 2950 528 3032 captus
552 2949 661 3011 estet
691 2944 904 3020 attachiatus
927 2950 962 3008 et
993 2943 1036 3007 ad
1071 2964 1204 3029 poenam
1237 2944 1464 3009 decollationis

410 3048 659 3124 condemnatus,
681 3046 792 3132 sieque
816 3046 912 3111 stetit
935 3049 1032 3111 extra
1055 3050 1186 3131 portam
1219 3045 1346 3111 castelli
1379 3066 1462 3109 mor·

239 3148 384 3202 Εῐωῡῑῑοπ
409 3152 478 3215 tem
501 3154 679 3236 expectans
702 3169 807 3233 usque
829 3148 872 3212 ad
887 3146 1003 3212 horam
1027 3168 1249 3233 vesperarum,
1264 3148 1343 3233 quia
1366 3168 1462 3212 nemo

238 3215 385 3334 “Quis''
409 3250 518 3317 voluit
540 3273 615 3317 eum
638 3249 808 3326 decollare,
830 3254 967 3335 propter
988 3248 1147 3335 pietatem
1171 3270 1269 3335 quam
1293 3248 1462 3314 habebant

408 3352 451 3417 dc
473 3352 534 3429 e0,⁶
556 3374 634 3417 nam
657 3352 835 3417 damnatus
858 3356 931 3415 erat
954 3349 1077 3436 absque
1101 3350 1266 3417 communi
1291 3370 1460 3416 consensu.

408 3453 556 3518 Tandem
579 3454 674 3519 venit
695 3474 782 3518 unus
805 3452 954 3517 ribaldus
977 3451 1155 3517 sceleratus
1188 3451 1230 3517 de
1253 3451 1460 3530 Marchalaia‚

407 3559 442 3619 et
475 3576 537 3641 pro
568 3576 630 3619 sua
663 3555 735 3619 vita
772 3554 849 3619 inde
887 3553 1040 3618 habenda
1070 3552 1269 3619 decollavit⁶
1299 3575 1375 3619 eum
1404 3553 1459 3619 die

407 3654 511 3720 Lunae
534 3656 571 3720 in
593 3656 710 3745 vigilia
732 3656 840 3721 sancti
856 3654 1043 3722 Cuthberti.
1090 3655 1215 3720 Eodem
1241 3677 1329 3721 anno
1351 3676 1458 3722 comes

406 3755 646 3822 Linoolniensis
669 3763 704 3822 et
726 3758 839 3843 plures
861 3756 920 3821 alii
943 3755 1118 3822 attachiati
1142 3762 1221 3824 sunt
1254 3779 1314 3843 per
1337 3757 1457 3823 Isabel·

404 3856 472 3922 lam
511 3865 546 3925 et
583 3860 614 3924 le
644 3860 838 3945 Mortymer,
869 3862 904 3923 et
941 3878 1001 3943 per
1030 3864 1281 3945 manucaptores
1321 3860 1457 3925 dimissi.

233 3951 385 4069 ilffffiff
408 3959 501 4026 Tunc
539 3982 653 4025 rumor
682 3961 785 4046 aoepit
822 3956 1047 4025 crebrescere⁷
1084 3981 1144 4046 per
1189 3964 1294 4025 totam
1334 3968 1457 4026 terram

234 4083 385 4136 urbanella
405 4062 537 4150 Anglia
559 4062 601 4128 de
631 4062 841 4150 malignitate
863 4064 898 4125 et
929 4059 1125 4126 crudelitate
1158 4060 1307 4127 Isabellae
1340 4064 1457 4127 matris

232 4149 368 4268 ξῗζίἔοῖ·
404 4164 491 4251 regia
529 4169 564 4230 et
601 4162 722 4251 Rogeri
760 4162 946 4249 Mortymer
991 4163 1032 4227 de
1070 4162 1185 4229 multis
1231 4163 1457 4229 seditionibus,

436 4441 444 4475 ¹
462 4458 490 4493 ae
500 4458 591 4508 repen,
601 4442 653 4502 A.;
669 4456 759 4507 sepem,
770 4440 825 4491 MS.
954 4438 1062 4490 mandas
1083 4438 1249 4506 fralet-'eice
1264 4441 1400 4508 judicatas
1423 4443 1459 4495 ad

467 4547 473 4558 ·
954 4533 976 4567 aa
1054 4556 1062 4571 .

434 4545 504 4681 :ml
523 4546 589 4597 Μ
600 4546 787 4659 ‘dimum'
979 4524 1089 4653 offlam
1105 4618 1168 4655 cca
1191 4618 1266 4669 space
1285 4605 1327 4657 for
1346 4608 1456 4657 abouts

462 4648 501 4698 de.
531 4647 595 4739 'Mt
618 4655 694 4698 mc
712 4647 753 4711 de·
781 4649 829 4699 but
855 4646 903 4699 ¹¹⁸⁸
952 4682 1327 4739 retumlsrmineounss

400 4734 648 4779 mmtwroeover.
987 4759 1214 4823 ‘removeatis

433 4831 530 4883 ⁴Hcre
546 4846 581 4881 on
598 4832 661 4885 both
681 4833 793 4901 margins
812 4832 902 4885 isEd-
985 4838 1163 4905 lentescere,
1174 4842 1252 4897 MSS·
1366 4858 1387 4881 .·
