3625 5784
438 902 504 968 464
791 916 940 967 nnumcr
963 916 1146 967 mauron

438 1106 544 1172 sancti
583 1104 764 1172 Laurentii.
826 1106 867 1170 Iu
906 1106 1050 1173 crastino
1081 1105 1182 1191 Angli
1217 1105 1410 1173 remcabmrt
1449 1106 1492 1172 ud

437 1206 554 1273 villam
591 1208 697 1275 sancti
742 1206 907 1273 Johannis
945 1214 980 1274 et
1018 1211 1176 1295 ceperunt
1214 1206 1305 1273 illam
1336 1208 1407 1273 sine
1444 1208 1490 1283 vi,

262 1330 278 1407 v·
387 1358 400 1371 .
436 1309 608 1395 multaque
641 1309 802 1375 victualia
840 1310 1042 1375 invenerunt-
1078 1310 1115 1373 in
1153 1330 1200 1386 ea,
1239 1316 1274 1375 et
1311 1310 1490 1375 manebant

322 1416 367 1449 ⁰¹¹·
436 1410 642 1496 aliquamdiu
664 1412 797 1488 ibidem,
820 1417 856 1478 et
877 1412 1145 1477 fortificaverunt
1159 1410 1275 1476 villam
1299 1433 1373 1477 cum
1398 1411 1490 1498 larga

306 1548 343 1579 m·
436 1511 565 1606 fossura
596 1520 630 1579 et
653 1514 695 1578 de
718 1513 800 1601 pulo,
824 1514 1039 1601 supponendo
1062 1536 1097 1579 se
1120 1514 1209 1579 infra
1231 1514 1333 1579 breve
1355 1513 1489 1580 habitu-

346 1634 352 1649 ·
435 1636 489 1709 ms
524 1614 744 1701 indigentiam
774 1615 975 1681 defensionis
987 1637 995 1695 ;
1029 1619 1063 1681 et
1095 1616 1141 1680 sic
1173 1616 1286 1681 evenit
1317 1614 1373 1693 eis,
1411 1636 1489 1679 narn

435 1738 543 1782 comes
557 1716 674 1782 Patrik
706 1721 742 1782 et
764 1716 988 1783 Archibaldus
1011 1716 1158 1803 Duglas¹
1182 1722 1346 1783 venerunt
1375 1737 1485 1782 coram

434 1819 517 1884 villa
550 1820 656 1886 sancti
702 1819 867 1884 iohannis
909 1839 984 1885 eum
1022 1820 1112 1885 omni
1156 1840 1275 1906 genere
1313 1817 1486 1883 hominum

434 1927 533 2011 terras
578 1920 699 1986 Scotiae
736 1920 781 1985 xl
820 1943 864 1987 m.
903 1920 1084 1998 hominum,
1123 1925 1158 1986 et
1195 1920 1357 1985 miserunt
1395 1919 1487 2005 apud

320 2028 335 2090 9
434 2022 580 2109 Bcrwyk
610 2044 670 2111 pro
702 2022 856 2089 Johanne
886 2021 1017 2089 Orabbe
1050 2022 1228 2087 marinario
1266 2021 1387 2088 Scotiee
1424 2018 1487 2087 ut¹

361 2172 372 2183 .
434 2145 536 2210 quam
573 2122 698 2189 citius³
737 2125 867 2190 veniret
904 2126 977 2189 sine
1015 2124 1175 2190 diletione
1213 2124 1335 2189 ducens
1376 2143 1486 2188 secum

263 2210 307 2325 οὲ
434 2230 541 2292 totam
563 2226 700 2292 classem
722 2226 851 2313 navigii
874 2246 975 2312 quam
998 2234 1109 2312 posset
1130 2224 1287 2291 totolibet
1324 2224 1484 2290 aduniare

381 2313 388 2329 ⁹
434 2330 470 2393 et
492 2328 580 2412 quod
602 2329 743 2393 intraret
765 2350 887 2414 aquam
919 2328 961 2393 de
992 2327 1082 2413 Teye
1104 2328 1161 2393 ubi
1185 2327 1297 2393 classis
1321 2327 1482 2392 dictorum

434 2430 648 2517 Anglicorum
681 2430 845 2509 manebat,
872 2435 907 2495 et
939 2450 1043 2495 naves
1075 2429 1228 2495 incendio
1260 2428 1373 2493 subito
1407 2450 1485 2494 con-

434 2538 587 2611 sumeret,
602 2537 637 2597 et
651 2532 699 2598 sic
713 2531 811 2597 cum*
833 2531 969 2619 navigio
992 2529 1035 2595 ad
1051 2530 1166 2595 villam
1189 2530 1296 2596 sancti
1318 2529 1342 2593 J
1344 2528 1484 2595 ohannis

434 2638 624 2720 properaret
660 2633 864 2700 obsidionem
911 2632 1000 2698 villae
1039 2652 1138 2719 super
1174 2630 1302 2718 Anglos
1340 2629 1484 2695 inclusos

433 2734 605 2802 iacturus⁸
627 2758 669 2802 ex
691 2740 787 2823 parte
803 2756 916 2821 nquae3
939 2734 1028 2800 unde
1044 2734 1152 2800 dictus
1167 2732 1339 2800 lohannes
1356 2732 1485 2799 Crabbe

349 2866 375 2909 n,
431 2838 527 2907 venit
558 2860 633 2905 cum
663 2860 694 2904 x.
718 2838 860 2903 navibus
890 2838 932 2903 de
955 2836 1113 2902 Flandria
1136 2836 1225 2903 omni
1248 2836 1386 2901 stoffura
1408 2856 1484 2921 quae

365 3017 372 3033 ο
431 2940 473 3006 ad
496 2962 649 3029 guerram
683 2940 828 3027 pertinet
850 2939 934 3005 bene
957 2938 1107 3018 refertis;
1140 2943 1175 3003 et
1197 2936 1309 3003 subito
1331 2936 1484 3001 venitin

432 3062 553 3127 aquam
584 3042 682 3128 Teya
705 3047 739 3108 et
769 3041 868 3105 irruit
889 3062 989 3127 super
1011 3062 1113 3104 naves
1136 3038 1268 3125 Angliae
1299 3038 1484 3125 inprovisus

431 3150 466 3210 et
498 3166 566 3210 non
596 3149 749 3221 armatas,
784 3148 819 3210 et
851 3143 996 3230 primurn
1019 3142 1181 3207 insultum
1203 3140 1356 3207 iecerunt
1386 3161 1485 3225 super

430 3244 579 3332 bargiam
602 3244 788 3321 Bealmont,
810 3249 846 3309 et
867 3264 1013 3329 quosque
1035 3242 1072 3306 in
1104 3264 1139 3307 ea
1165 3241 1318 3307 inventos
1340 3240 1375 3304 vi
1399 3262 1482 3306 corn·

431 3346 689 3434 prehenderunt,
721 3352 757 3411 et
787 3366 900 3411 omnes
923 3345 1113 3411 oeciderunt
1136 3345 1195 3429 qui
1217 3343 1302 3408 inibi
1335 3342 1483 3419 fuerunt,

431 3454 466 3514 et
498 3448 606 3513 simile
639 3446 774 3533 quidem
796 3446 923 3511 eaenris
947 3444 1089 3510 navibus
1123 3442 1231 3509 iacere
1263 3442 1484 3519 crediderunt,

261 3560 401 3611 nenena
430 3550 488 3615 sed
515 3571 588 3635 spes
615 3570 728 3614 eorum
763 3548 882 3614 fefellit
915 3568 978 3624 eos,
1010 3568 1088 3611 nam
1118 3546 1215 3633 pauci
1248 3551 1364 3633 gentes
1400 3544 1482 3630 qui⁰

261 3628 414 3758 {2222ss
431 3652 467 3715 in
489 3652 632 3717 navibus
653 3650 760 3717 relicti
783 3648 919 3715 fuerant
941 3648 1083 3713 viriliter
1105 3670 1140 3713 se
1161 3646 1366 3713 defendendo
1388 3646 1482 3711 resti·

430 3758 555 3833 terunt,
578 3754 694 3819 Scotos
716 3754 752 3817 in
774 3751 858 3816 mari
881 3750 1086 3826 devicerunt,
1117 3754 1151 3814 et
1174 3748 1330 3835 majorem
1353 3753 1481 3834 partem

430 3877 544 3922 eorum
577 3854 815 3920 interfecerunt
838 3858 873 3919 et
895 3852 1165 3929 vulneravenmt,
1187 3856 1223 3916 et
1244 3872 1347 3916 naves
1369 3870 1481 3915 eorum
1494 3863 1580 3929 'ruys
1592 3866 1641 3916 eol.

430 3959 584 4024 inccndio
621 3956 881 4035 conbusserunt3
911 3954 1023 4041 sicque
1061 3952 1194 4041 Anglici
1228 3973 1304 4018 cum
1338 3936 1570 4016 navibus²⁵⁶²·

430 4060 485 4125 dei
516 4060 624 4147 gratia
654 4064 865 4125 succurrente
890 4056 975 4121 salvi
998 4054 1078 4121 iacti
1101 4058 1181 4119 sunt
1202 4059 1324 4139 praeter
1346 4074 1402 4117 eos
1425 4052 1483 4137 qui

431 4163 546 4251 bangia
577 4162 685 4249 primo
717 4160 815 4227 occisi
844 4168 934 4224 sunt.
981 4158 1026 4222 Et
1048 4157 1118 4243 ipse
1152 4155 1319 4221 Johannes
1354 4153 1483 4221 Orabbe

261 4276 335 4328 John
430 4286 507 4331 cum
538 4285 660 4351 magna
682 4260 875 4329 difficultate
897 4258 958 4323 vix
980 4258 1097 4334 evasit,
1119 4278 1178 4343 per
1199 4262 1321 4322 terram
1353 4255 1483 4343 fugiens

260 4342 363 4460 Q}
431 4366 525 4432 venit
575 4364 771 4451 Berwycum
809 4360 972 4428 nuncians
1010 4358 1058 4424 cis
1095 4358 1280 4425 dolorosum
1323 4363 1483 4423 eventurn

463 4628 471 4661 r
489 4628 602 4694 Dum
614 4627 665 4688 Ad
682 4623 877 4691 pommus,
982 4608 1024 4738 Α*
1042 4608 1108 4675 cum]
1129 4606 1228 4659 written
1245 4605 1382 4659 aborethe
1394 4606 1445 4657 line
1457 4605 1485 4657 ia

462 4733 531 4801 ²¹¹⁸]
550 4733 671 4797 ‘mss'
1015 4770 1026 4799 ⁵
1034 4766 1173 4835 sactum]
1192 4766 1300 4827 futuros.
1311 4766 1387 4819 MSS.

462 4839 578 4906 waes]
597 4837 684 4900 tutius,
694 4835 770 4891 MSS·
1016 4846 1096 4913 iqui,
1108 4848 1159 4909 A.;
1176 4862 1240 4914 quoe,
1251 4846 1308 4900 ΜΒ.
