3625 5784
431 871 495 938 246
765 887 913 938 HENRIOI
937 888 1122 938 aurearum

431 1075 555 1142 auditis
596 1074 907 1161 appropinquabant
946 1073 1025 1160 regi,
1065 1095 1133 1139 non
1175 1075 1265 1139 enim
1308 1074 1484 1141 distabant

433 1177 574 1243 multum
598 1199 619 1241 a
643 1175 711 1241 loco
734 1174 792 1240 illo
814 1176 872 1261 qui
895 1175 1017 1240 dieitur
1039 1175 1141 1240 Lews

263 1295 316 1345 rho
327 1305 413 1360 troops
478 1278 632 1364 Dumque
648 1277 812 1364 regalibus
828 1277 991 1362 foragium
1014 1277 1195 1354 defecisset,
1211 1286 1413 1364 praeceptum
1435 1283 1487 1342 est

261 1361 355 1478 32ng
433 1381 470 1446 in
486 1381 539 1446 die
559 1381 684 1458 Martis,
693 1385 733 1444 ut
748 1380 961 1464 procederent
976 1401 1034 1465 pro
1049 1378 1226 1466 quaerendo
1241 1379 1315 1445 seno
1330 1386 1362 1446 et
1375 1380 1486 1466 paleis.

264 1469 377 1545 arvales
436 1482 565 1563 Quibus
584 1481 883 1568 profisciscentibus
906 1481 964 1545 sed
979 1503 1047 1545 uon
1063 1480 1306 1567 proficientibus
1321 1483 1483 1567 praeventi

263 1562 372 1677 mes?
436 1589 515 1648 sunt
545 1583 654 1668 plures
685 1587 719 1646 et
748 1581 791 1646 ab
823 1581 974 1647 hostibus
1005 1583 1203 1668 interempti.
1251 1582 1385 1667 Reliqui
1407 1605 1487 1648 vero

263 1717 381 1768 Newsot
435 1687 593 1750 viderunt
631 1685 741 1748 hostes
779 1685 952 1749 venientes
1007 1685 1042 1748 in
1080 1707 1207 1749 summo
1253 1684 1399 1751 diluculo
1430 1686 1483 1750 die

262 1783 327 1834 their
435 1787 601 1860 Mercurii,
627 1794 661 1851 et
693 1785 917 1851 exclamantes
944 1787 1176 1851 excitaverunt
1205 1809 1313 1873 regem
1345 1794 1380 1851 et
1409 1809 1486 1851 snas

261 1853 410 1980 willo
433 1891 475 1954 ad
500 1910 593 1953 arma
615 1887 782 1974 capienda.
829 1888 1009 1952 Venientes
1039 1909 1116 1972 ergo
1148 1887 1286 1952 barones
1316 1889 1352 1952 in
1386 1888 1484 1974 plena

262 1983 387 2098 ‘'M-{⁸¹
436 1991 575 2076 planitie
599 1990 837 2054 descenderunt
861 1989 993 2066 ibidem,
1018 1996 1053 2055 et
1086 2011 1186 2074 eques
1209 1991 1377 2077 cingentes
1411 2013 1485 2077 pm-

262 2063 386 2180 ffiefl
434 2092 595 2178 perabant
618 2113 717 2168 arma,
734 2091 791 2156 ubi
815 2111 922 2156 comes
939 2091 1066 2174 Symon
1082 2091 1190 2176 ipsum
1213 2091 1366 2156 comitem
1383 2091 1484 2156 Glau-

262 2211 348 2272 ansy
361 2209 391 2257 or
434 2193 562 2258 cestriae
579 2199 614 2258 et
636 2193 818 2258 Rubertum
837 2191 933 2277 [de]l
958 2191 1066 2257 Veer²
1089 2213 1245 2258 unacum
1271 2193 1384 2258 multis
1409 2194 1485 2258 aliis

262 2275 363 2406 myli
434 2317 537 2360 novos
560 2294 641 2360 fecit
664 2295 787 2359 milites
811 2299 844 2359 et
867 2295 969 2357 armis
992 2294 1193 2358 militaribus
1216 2316 1270 2360 eos
1297 2295 1482 2380 insignivit.

434 2397 507 2476 Quo
532 2397 616 2462 sactu
633 2417 762 2462 omnem
789 2397 970 2462 exercitum
987 2396 1022 2460 in
1038 2401 1183 2480 quatuor
1206 2396 1292 2461 acies
1315 2403 1484 2482 separatas

434 2499 550 2563 divisit
582 2504 617 2562 et
648 2497 814 2572 distinxit,
854 2497 1039 2581 statuitque
1073 2502 1244 2581 magnates
1277 2498 1311 2561 in
1344 2498 1483 2583 singulis

433 2601 489 2684 qui
512 2601 599 2664 acies
622 2599 805 2681 dirigerent
828 2604 862 2662 et
878 2599 1111 2682 gubernarent.
1158 2599 1250 2662 Aeiei
1267 2621 1346 2662 vero
1370 2599 1483 2684 primm

432 2702 606 2766 constituti
655 2707 735 2764 suut
792 2701 903 2774 duces,
944 2699 1111 2763 Henrieus
1156 2700 1197 2763 de
1243 2699 1357 2764 Monte
1403 2701 1482 2765 forti

432 2804 675 2890 primogenitus
702 2802 857 2887 aymonis
883 2801 1023 2876 comitis,
1047 2809 1081 2866 ct
1116 2801 1248 2865 Guido3
1270 2801 1372 2867 frater
1401 2804 1481 2887 ejus,

434 2905 587 2969 daminus
626 2903 798 2968 Johauaes
837 2905 877 2968 de
925 2903 1056 2990 Bourgh
1088 2903 1231 2989 juvenis,
1265 2911 1299 2969 et
1330 2905 1483 2971 dominus

434 3007 635 3071 Humiridus
658 3007 698 3071 de
716 3006 834 3073 Boua.⁴
886 3006 979 3071 Aciei
1012 3028 1091 3070 vero
1121 3007 1282 3084 secundae,
1312 3006 1483 3072 Gilbertus

261 3126 386 3189 Theyare
433 3111 473 3172 dc
513 3109 611 3176 Clara
645 3131 752 3175 comes
792 3109 832 3174 de
879 3109 1093 3184 Glaucestria,
1129 3109 1281 3173 dominus
1314 3109 1485 3174 Jolranncs

261 3192 410 3308 ffifflll‘l
432 3209 522 3274 tilius
544 3209 718 3286 Johannis,
742 3217 776 3274 et
810 3210 964 3274 dominus
999 3209 1186 3275 Willelmus
1219 3211 1260 3276 de
1295 3210 1481 3297 Montensy.

261 3333 356 3390 troops.
431 3311 524 3376 deici
560 3319 672 3374 autem
707 3311 817 3376 tertiae
851 3311 887 3375 in
919 3333 985 3396 qua
1018 3311 1263 3376 Loudenienses
1297 3319 1400 3390 emnt,
1438 3315 1481 3379 ad

430 3418 582 3498 rugatum
641 3433 755 3476 eorum
813 3413 968 3476 dominus
1022 3413 1204 3479 Nicholaus
1249 3415 1290 3480 de
1336 3415 1481 3501 Segrave

429 3514 617 3598 assignatus
656 3519 716 3588 est,
755 3513 812 3597 qui
837 3513 939 3577 etiam
978 3514 1144 3578 instanter
1182 3515 1408 3602 supplicarent
1441 3525 1480 3584 ut

430 3614 554 3700 primos
587 3613 665 3677 belli
701 3612 786 3678 ictus
817 3611 937 3678 habere
978 3607 1121 3700 possent,
1162 3621 1197 3680 et
1235 3623 1392 3683 eventum
1432 3619 1479 3682 rei

431 3713 617 3780 subdubia
641 3714 792 3799 recipere.
840 3713 977 3794 Quartae
1007 3737 1087 3781 vere
1106 3717 1190 3781 aciei
1213 3716 1282 3780 dux
1308 3740 1387 3782 vero
1412 3717 1480 3784 luit

432 3817 502 3902 ipse
527 3837 732 3882 comessum
759 3815 893 3880 domino
918 3816 1045 3881 Thema
1068 3819 1109 3882 de
1137 3817 1325 3884 Pilncsdon.

260 3935 313 3986 rte
325 3937 397 4001 κομι
478 3917 617 3982 Interim
629 3917 750 4003 egressi
766 3924 845 3983 suut
856 3919 983 4004 regales
993 3918 1055 3984 ⁵ad
1065 3942 1208 4006 pugnam
1221 3943 1256 3985 se
1267 3930 1481 4009 properantes

259 4009 347 4066 ‘'⁰⁰¹’'
430 4041 489 4106 per
512 4025 579 4084 tres
604 4025 732 4084 turmas
759 4041 901 4104 quarum
941 4019 1082 4105 primam
1114 4023 1345 4089 ducebatfilius
1397 4027 1482 4111 regis

259 4069 393 4186 mappa
431 4121 615 4188 Edwardus
649 4143 725 4186 cum
758 4120 878 4186 comite
913 4122 953 4186 de
987 4122 1154 4188 Warenna
1184 4131 1220 4190 et
1245 4125 1409 4192 Willelmo
1439 4128 1481 4192 de

260 4201 407 4265 ''qum''
430 4223 572 4289 Valence
606 4221 708 4287 fratre
742 4224 837 4308 regis.
885 4223 1070 4289 Secundam
1105 4247 1184 4290 vero
1216 4249 1275 4292 rex
1297 4227 1482 4295 Alemaniae

429 4349 504 4394 cum
528 4324 596 4390 filio
620 4347 679 4390 suo
705 4325 858 4392 Hernico.
912 4326 1057 4392 Tertiam
1079 4335 1192 4394 autem
1222 4331 1293 4417 ipse
1323 4354 1383 4397 rex
1405 4355 1480 4399 cum

429 4427 642 4515 magnatibus
674 4428 750 4492 suis.
798 4427 960 4508 Quartam
985 4451 1064 4494 vero
1095 4431 1199 4496 aciem
1221 4433 1397 4499 constituit
1418 4456 1478 4500 rex

637 4543 910 4551 ---——-·--———-
931 4545 1047 4552 —-——
1068 4547 1072 4551 -
1211 4549 1227 4554 -
1254 4547 1479 4562 ..α--ι--ῃ

465 4577 532 4642 ¹a]
548 4575 613 4627 from
625 4578 676 4636 A.;
696 4591 745 4627 om.
759 4577 813 4626 ars.
1013 4579 1024 4612 ⁴
1045 4547 1133 4639 coti,
1145 4549 1199 4628 uis.

462 4655 474 4689 ¹
495 4655 557 4718 Ver,
569 4657 602 4706 Α.
1010 4658 1021 4690 ⁸
1041 4658 1109 4709 llere
1121 4675 1156 4707 on
1167 4659 1228 4708 botlr
1244 4659 1356 4725 margine
1367 4661 1389 4712 is
1404 4663 1480 4714 Ordi-

462 4735 473 4768 ³
496 4733 601 4799 (emyco,
614 4737 669 4786 MS.
977 4739 1048 4788 nmio
1060 4739 1171 4790 acierum
1183 4755 1214 4788 er
1222 4747 1298 4805 parte
1307 4743 1381 4807 repis.
