3625 5784
176 1155 179 1160 ’
245 1151 270 1193 at
283 1142 389 1196 Oxford.

417 869 484 935 238
776 883 922 936 aarum
944 881 1128 936 nmcnrorr

245 1074 271 1126 A
284 1075 385 1128 cornert
415 1073 632 1142 convenirent
665 1074 842 1141 tractaturi
875 1073 916 1140 de
955 1073 1102 1162 profecto
1136 1071 1224 1160 regis
1256 1076 1290 1137 et
1323 1068 1473 1135 utilitate

415 1175 516 1262 regni.
564 1175 849 1244 convenientibus
883 1175 989 1264 igitur
1021 1175 1182 1263 episcopia
1217 1171 1319 1240 etad
1342 1170 1471 1238 eosdem

415 1274 502 1342 diem
512 1283 547 1344 et
562 1278 678 1356 locum,
688 1278 842 1365 inprimis
858 1278 901 1344 ab
917 1299 955 1343 eo
969 1298 1047 1363 rege
1063 1281 1098 1342 et
1113 1274 1239 1343 caeteris
1259 1272 1472 1360 magnatibus

414 1386 657 1446 sacramentum
689 1381 868 1468 petierunt,
892 1385 1028 1466 atquae
1051 1401 1112 1466 pro
1134 1377 1282 1444 utilitate
1313 1375 1401 1462 regis
1432 1379 1467 1440 et

414 1485 507 1571 regni
519 1485 775 1572 providerentur
790 1484 915 1571 absque
924 1483 995 1551 ulla
1005 1482 1265 1550 contradictione
1276 1479 1472 1546 universali-

244 1589 326 1642 octbr
415 1589 467 1650 ter
490 1591 689 1654 tenerentur.
741 1587 968 1674 Praestititque
985 1584 1213 1672 juramentum
1236 1605 1296 1649 rex
1310 1603 1345 1648 se
1360 1604 1472 1649 serva·

245 1658 368 1788 ,ffiffl
414 1692 528 1754 turum
551 1690 732 1756 statuenda
754 1712 829 1777 quae
845 1692 889 1756 ad
912 1690 1072 1756 honorem
1095 1688 1150 1755 dei
1173 1693 1209 1754 et
1231 1685 1375 1753 ecclesiae
1402 1706 1471 1751 suae

248 1789 353 1841 inethe
416 1795 450 1856 ot
467 1791 666 1878 profectum
710 1793 763 1858 sui
798 1798 832 1860 et
870 1788 1052 1858 utilitatem
1102 1789 1198 1878 regni
1244 1788 1470 1855 conderentur.

247 1855 342 1906 nobles.
416 1891 622 1961 duraverunt
659 1895 761 1960 etiam
795 1895 906 1961 caeteri
939 1899 1112 1980 magnates
1150 1893 1245 1980 quasi
1268 1913 1390 1969 omnes,
1412 1888 1471 1955 et¹

416 2015 535 2061 novem
551 1997 694 2085 episcopi
711 1997 768 2083 qui
784 1997 1158 2064 excommunicaverunt
1173 2016 1286 2061 omncs
1310 1993 1370 2080 qui
1391 1991 1471 2059 huia

416 2095 504 2162 facto
538 2097 814 2183 contradicerent,
836 2121 913 2186 rege
937 2103 1073 2164 tenente
1107 2119 1236 2166 cereum
1259 2096 1413 2182 ignitum,
1436 2098 1472 2160 et

248 2197 319 2261 They
332 2199 365 2248 ΕΠ
416 2199 643 2283 praedixerunt
665 2200 775 2287 palam
798 2201 828 2268 si
850 2222 935 2267 ausu
949 2201 1124 2267 temerario
1148 2195 1279 2264 vellet²
1300 2198 1373 2284 quis
1395 2219 1471 2264 con·

246 2264 399 2382 impe,
417 2301 589 2380 mediocre,
613 2308 787 2390 surgerent
810 2324 923 2370 omnes
945 2303 982 2368 in
1004 2323 1091 2380 eum,
1113 2301 1209 2368 velut
1238 2299 1413 2388 accipitres
1435 2299 1473 2364 in

246 2399 371 2447 ‘⁰²⁸‘20k
418 2425 563 2470 corvum.
609 2403 779 2472 Venerant
801 2405 889 2471 enim
912 2405 1069 2470 instructi
1091 2426 1166 2470 cum
1188 2403 1290 2469 armis
1311 2407 1352 2468 ut
1383 2400 1472 2488 quod

247 2477 388 2581 illidii&
417 2505 453 2571 in
491 2507 602 2573 animo
636 2512 854 2596 conceperant
887 2509 1004 2574 statim
1039 2507 1232 2575 executioni
1265 2505 1471 2572 mandarent

248 2596 381 2714 liiliiona.
417 2605 550 2674 Fratres
573 2614 684 2676 autem
707 2609 794 2695 regia
817 2609 952 2675 lucrant
982 2609 1027 2677 ir.
1050 2610 1201 2676 nolentes
1222 2608 1260 2674 in
1281 2607 1345 2675 hac
1376 2612 1473 2692 parte

247 2754 400 2898 tutet
417 2711 764 2899 &dimittit
781 2712 921 2879 titt
943 2711 1356 2880 tttttrltttt
1376 2708 1472 2879 lt,

249 2887 351 2938 dissent.
416 2919 452 2980 et
485 2915 596 2981 animo
637 2916 731 2980 velut
778 2915 881 2982 catuli
919 2915 1053 2982 leonum
1088 2915 1267 3002 rugientes,
1306 2935 1349 2980 ne
1386 2913 1472 2979 forte

418 3017 588 3083 munirent
610 3017 763 3105 praesidio
786 3017 959 3084 civitatem
981 3023 1184 3107 occupatam.
1230 3015 1382 3104 Cumque
1416 3037 1471 3083 eos

248 3123 273 3175 1t
284 3122 306 3201 ie
419 3139 605 3206 comparere
637 3119 878 3206 compellerent,
913 3125 948 3186 et
985 3120 1218 3208 cognovissent
1249 3141 1305 3186 eos
1342 3119 1379 3184 in
1412 3139 1473 3184 sua

250 3191 395 3308 fflffleffl
418 3221 626 3287 contumacia
664 3241 865 3307 permanere,
903 3227 1096 3288 statuerunt
1132 3226 1269 3288 statuta.
1315 3219 1473 3309 Inprimis

248 3322 315 3372 ‘1⁰⁰¹
326 3325 394 3390 ung·
419 3323 509 3411 quod
541 3324 585 3389 ad
617 3327 722 3389 terras
756 3346 833 3391 suas
871 3345 953 3412 quas
991 3326 1028 3391 in
1059 3325 1211 3412 partibus
1243 3322 1473 3392 transmarinis

249 3389 318 3440 lanu.
418 3425 588 3492 habebant
627 3426 888 3496 transfretarent
934 3427 979 3495 Et
1023 3427 1087 3495 hoc
1135 3428 1270 3515 quidem
1307 3431 1472 3493 statutum

417 3527 533 3594 statim
556 3528 744 3594 executioni
759 3527 976 3609 mandabant,
991 3551 1068 3619 rege
1082 3551 1142 3617 pro
1165 3531 1212 3596 eis
1227 3528 1472 3596 interveniente

417 3637 452 3696 et
475 3630 591 3697 multia
614 3632 765 3718 precibus
787 3632 1005 3720 supplicante,
1020 3633 1079 3699 sed
1101 3638 1215 3700 tamen
1230 3632 1382 3698 exaudiri
1404 3653 1473 3698 non

417 3734 531 3822 potuit
574 3733 683 3821 quoad
720 3734 788 3803 hoc
835 3733 1033 3808 Statuerant
1077 3736 1180 3804 etiam
1225 3736 1315 3821 quod
1359 3757 1473 3802 omnes

249 3831 311 3910 ΛΠ,
418 3834 611 3923 alienigenae
657 3837 890 3926 cujuscumque
936 3838 1137 3906 conditionis
1183 3839 1366 3905 existerent
1413 3861 1473 3906 seu

249 3897 389 4016 {peropima
418 3939 589 4008 nationis8
603 3941 774 4009 confestim
798 3943 1019 4029 repatriarent
1040 3942 1103 4008 sub
1127 3963 1227 4032 poena
1249 3942 1472 4009 membrorum

249 4032 395 4149 ffigflll‘
418 4046 453 4109 et
485 4045 573 4112 vitae.
620 4044 819 4110 Statuerunt
849 4044 976 4113 adhoc
1010 4044 1099 4133 quod
1136 4045 1166 4112 si
1188 4049 1302 4112 teneat
1324 4045 1398 4132 quis
1432 4044 1474 4111 de

310 4135 317 4150 ’
417 4168 494 4235 rege
517 4147 553 4212 in
574 4151 671 4235 parte
694 4153 727 4213 et
751 4151 864 4216 teneat
894 4147 1050 4215 similiter
1084 4147 1127 4215 de
1149 4148 1225 4214 aliis
1248 4148 1391 4215 dominis
1412 4169 1473 4237 pro

419 4247 558 4315 dirersis
602 4248 766 4336 partibus,
811 4251 840 4316 si
886 4249 928 4317 de
974 4271 1012 4317 eo
1056 4248 1252 4318 humanitus
1296 4250 1475 4339 contigerit

251 4363 377 4416 Concam-
417 4349 548 4418 haerede
580 4372 639 4416 suo
672 4351 759 4418 infra
793 4356 929 4418 aetatem
962 4351 1145 4440 legitimam
1177 4351 1351 4431 existente,
1385 4351 1476 4439 quod

249 4429 359 4546 {ffffi
417 4472 478 4520 rex
512 4451 676 4520 haeredem
715 4453 836 4520 habeat
880 4477 956 4524 oum
988 4461 1078 4524 terra
1110 4477 1208 4544 quam
1247 4453 1289 4522 de
1326 4455 1475 4522 domimo

249 4560 317 4612 heire
329 4561 376 4614 left

251 4629 331 4681 under
341 4644 397 4698 age.

454 4733 518 4800 ιεὶ]
539 4749 589 4786 orn.
618 4733 660 4793 A,
689 4731 734 4784 bat
761 4740 820 4798 puta
848 4733 923 4783 eriam
1003 4734 1176 4798 'celicam
1191 4734 1330 4798 vellefflss.

420 4813 484 4864 alter
495 4829 588 4864 novem.
1001 4813 1012 4846 ⁸
1028 4813 1151 4874 notionis,
1163 4814 1214 4876 Aa
1232 4815 1358 4880 caumes,
1371 4813 1428 4868 MS.
