3625 5784
625 846 893 897 assereremus
916 846 1124 899 cuaorucou.
1285 808 1288 816 ⁵
1329 838 1393 903 289

341 1040 423 1097 mille
460 1041 601 1097 librarum
637 1041 856 1115 sterlingorum.
882 1042 984 1100 Romoe
1022 1044 1054 1099 in
1092 1044 1252 1100 subsidium
1296 1047 1392 1103 Terrae

342 1136 450 1187 sanctes
472 1132 686 1200 solvendorum,
710 1150 745 1189 ac
767 1134 856 1189 etiam
883 1133 937 1189 suh
967 1152 1054 1205 peona
1083 1135 1391 1193 excommunicationis

341 1224 372 1276 et
405 1219 555 1277 interdicti
588 1221 620 1277 in
641 1223 720 1294 regis
742 1242 895 1296 personam
918 1228 948 1278 et
970 1242 1094 1294 regnum
1117 1223 1236 1296 Angliae
1271 1225 1296 1280 si
1331 1243 1390 1281 non

341 1310 508 1367 restitueret
541 1311 768 1378 fulminandum,
793 1314 872 1369 Scoti
895 1330 947 1385 per
970 1314 1083 1369 chartas
1107 1332 1172 1371 suas
1206 1314 1391 1371 tradiderunt

342 1400 405 1471 regi
436 1401 578 1457 Eduardo
599 1420 723 1473 regnum
747 1403 854 1459 Scotias
877 1419 944 1458 cum
969 1403 1103 1469 castellis,
1124 1403 1239 1475 juribus
1262 1412 1291 1461 et
1321 1423 1391 1459 con-

342 1489 554 1556 suetudinibus,
600 1497 815 1564 posueruntque
858 1492 991 1548 custodes
1030 1492 1081 1564 qui
1119 1493 1215 1549 medio
1261 1502 1390 1565 tempore

342 1578 437 1634 cxitus
471 1584 501 1635 ct
527 1584 765 1653 approviamenta
799 1587 885 1638 terrae
923 1582 961 1636 ad
999 1600 1070 1652 opus
1109 1582 1228 1637 illorum
1266 1601 1389 1655 quorum

342 1668 483 1725 intererat
505 1670 693 1727 custodirent.
740 1670 803 1741 Quo
833 1672 920 1738 lacto,
944 1688 995 1725 rex
1018 1670 1177 1727 Edwardus
1200 1677 1266 1744 post
1288 1674 1390 1743 longas

342 1756 566 1831 disceptationes
595 1760 810 1816 vindicantium
833 1760 908 1815 illud
938 1778 1072 1831 regnum,
1096 1762 1233 1817 discussis
1263 1760 1389 1833 juribus,

342 1849 475 1918 praetulit
497 1850 662 1907 Johanuem
685 1840 742 1905 del
766 1850 862 1906 Baliol
884 1849 936 1923 qui
958 1852 1127 1921 recognovit
1149 1868 1246 1923 regem
1271 1851 1390 1923 Angliae

342 1938 403 1993 fore
435 1938 541 1995 Scotiae
572 1940 727 2011 capitalem
750 1939 913 2006 dominum,
938 1937 1063 2011 lecitque
1094 1941 1121 1996 ei
1155 1941 1326 2013 homagium
1356 1945 1387 1996 et

342 2026 514 2083 fidelitatem
533 2029 653 2100 juravit.

386 2108 473 2173 2Ηοο
496 2137 572 2174 anno
596 2118 670 2174 obiit
691 2120 780 2175 frater
803 2120 952 2175 Johannes
975 2118 1010 2174 de
1032 2120 1174 2175 Peccham
1198 2119 1390 2191 archiepisco·

342 2224 397 2278 pus
432 2207 656 2264 Cantuariensis.
713 2209 801 2264 Nunc
834 2208 936 2263 eodem
968 2226 1082 2281 quoque
1116 2226 1192 2263 anno
1230 2198 1391 2264 Madocus³

343 2285 444 2351 lilius⁴
474 2298 611 2369 Morgani
642 2298 764 2353 suscitat
795 2316 932 2368 guerram
955 2298 985 2353 in
1008 2298 1115 2355 Wallia
1138 2298 1186 2352 die
1209 2300 1302 2354 sancti
1333 2298 1391 2352 Mi-

343 2386 460 2441 chaelis.
507 2388 621 2443 Idcirco
643 2405 693 2442 rex
716 2388 876 2443 Edwardus
889 2386 1010 2442 veniens
1033 2386 1175 2443 Oestriam
1191 2388 1268 2443 circa
1285 2388 1392 2443 festum

343 2476 437 2531 sancti
463 2475 601 2532 Nichclai
631 2478 710 2548 cepit
732 2476 859 2533 insulam
881 2476 1089 2550 Angleseyam‚
1114 2475 1326 2549 aedificavitque
1356 2476 1392 2531 de

343 2583 420 2621 noro
442 2565 544 2622 urbem
566 2572 596 2623 et
618 2572 746 2622 castrum
768 2567 805 2622 de
827 2566 910 2621 Bello
933 2566 1067 2622 Marisco.
1123 2565 1186 2636 Quo
1207 2564 1240 2619 in
1264 2571 1393 2638 tempore

344 2655 456 2711 succisa
493 2660 563 2710 suut
599 2674 718 2712 nemora
751 2656 784 2711 in
817 2655 926 2711 Wsllia
957 2673 1021 2727 quae
1053 2654 1085 2709 in
1123 2660 1252 2726 tempore
1289 2654 1394 2710 bellico

344 2745 522 2815 praestabant
554 2746 700 2818 indigenis
732 2745 864 2811 latibula,
887 2746 1059 2816 firmataque
1090 2749 1160 2799 sunt
1191 2750 1284 2799 castra
1318 2745 1395 2799 circu

344 2834 408 2888 loca
422 2834 580 2901 maritima,
604 2840 634 2891 et
656 2835 717 2890 cito
738 2841 805 2907 post
827 2835 891 2891 haec
915 2838 1018 2905 captus
1041 2838 1085 2889 est
1107 2833 1248 2895 Madocus
1271 2832 1393 2905 preadic-

346 2928 394 2977 tus
416 2928 447 2979 et
469 2924 634 2980 Londonias
657 2924 810 2991 adductus,
829 2943 848 2981 a
869 2942 926 2997 quo
945 2928 1075 2995 tempore
1097 2940 1210 2993 guerrae
1229 2923 1261 2976 in
1280 2921 1396 2978 Walliae

346 3012 532 3084 quieverunt,
557 3014 718 3070 Walleuscs
753 3032 828 3085 peno
859 3014 1025 3084 Anglorum
1055 3030 1136 3067 more
1158 3011 1307 3079 victitant,
1331 3010 1396 3066 the-

347 3120 466 3157 saurum
514 3108 706 3175 congregant,
744 3120 843 3159 rerum
889 3104 997 3157 damna
1034 3101 1201 3158 formidant.
1262 3102 1328 3157 Hoc
1365 3098 1397 3153 in

347 3197 478 3263 tempore
500 3194 570 3249 fecit
596 3211 648 3249 rex
671 3192 831 3248 Edwardus
852 3191 952 3248 omnia
975 3191 1152 3247 monasteria
1174 3190 1293 3261 Anglias
1316 3206 1396 3245 scru-

348 3280 415 3348 tari,
439 3300 473 3338 ac
494 3282 649 3356 pecuniam
672 3283 822 3338 inventam
846 3280 1013 3338 Londonias
1036 3280 1157 3347 afferrii‚
1182 3281 1253 3336 fecit
1283 3296 1398 3352 quoque

348 3370 430 3427 lanas
466 3377 497 3429 et
530 3372 609 3428 coria
645 3372 769 3429 arestari
803 3377 834 3427 et
870 3372 1023 3428 subsecuta
1059 3376 1104 3426 cst
1140 3388 1250 3442 magna
1282 3368 1400 3426 caristia

349 3460 428 3516 bladi
450 3461 574 3518 etvini.

177 3556 288 3619 leycee
395 3554 517 3620 Omnes
540 3555 723 3621 Walleuses
752 3555 902 3622 unanimi
924 3576 1059 3621 assensu
1083 3558 1299 3619 surrexerunt
1321 3574 1397 3620 con-
1413 3558 1544 3608 lusurrea·

178 3629 279 3672 “m
348 3660 402 3721 tra
435 3680 543 3744 regem
577 3658 779 3724 Edwardum
802 3659 840 3723 in
861 3658 945 3724 festo
968 3659 1075 3726 sancti
1107 3657 1287 3737 Michaelis,
1311 3656 1400 3721 unde
1412 3624 1509 3744 2321ss

349 3780 408 3824 rex
431 3759 616 3825 Edwardus
639 3782 714 3827 cum
749 3759 926 3825 Edmundo
948 3761 1069 3827 comite
1093 3758 1269 3825 Oomubiae
1299 3759 1401 3823 fratrc

349 3883 410 3926 suo
441 3868 476 3927 et
509 3863 655 3928 Henrico
679 3863 720 3928 de
743 3862 832 3948 Lacy
856 3862 977 3928 comite
1012 3862 1193 3927 Lincolniae
1229 3882 1311 3945 quoe
1343 3882 1403 3925 rex

349 3962 471 4029 fecerat
493 3964 601 4029 redire
624 3964 781 4030 chillam
804 3985 937 4030 causam
960 3986 1062 4049 quum
1087 3964 1271 4029 debuerant
1294 3966 1404 4027 trans-

349 4064 414 4130 isse
452 4066 489 4129 in
527 4065 724 4132 Gasconiam
763 4088 823 4152 pro
860 4066 1024 4131 discordia
1055 4065 1179 4130 ibidem
1219 4067 1310 4128 mota
1347 4082 1406 4147 per

383 4239 390 4271 ¹
408 4239 453 4307 de]
474 4242 508 4305 le,
519 4242 597 4308 Higd.
904 4242 970 4291 have
983 4242 1146 4292 commcnced
1163 4256 1178 4291 a
1197 4240 1301 4304 chapter
1319 4238 1347 4288 oi
1364 4238 1405 4287 his

382 4319 591 4386 ²Atthispoint
608 4320 851 4386 Captismarked
905 4319 1140 4370 ouuuorlriuthe
1157 4317 1250 4369 middle
1265 4316 1294 4367 oi
1312 4333 1328 4367 a
1346 4332 1405 4381 pas·

350 4414 384 4450 on
412 4400 475 4450 both
501 4400 622 4468 margins,
649 4404 696 4452 but
724 4400 745 4451 it
772 4402 851 4467 really
904 4401 1043 4466 sapefrom
1056 4401 1168 4466 Higden.

349 4492 455 4542 appears
467 4488 493 4531 to
503 4482 536 4531 be
547 4497 564 4531 a
573 4480 682 4532 mistake
698 4481 740 4532 ior
756 4486 798 4543 89,
808 4482 852 4531 the
937 4480 948 4513 ³
966 4482 1074 4532 Hcreou
1082 4481 1144 4531 both
1151 4476 1291 4543 marginsis
1301 4477 1407 4529 Gnerra

349 4559 453 4623 chapter
474 4561 503 4611 oi
524 4561 629 4627 Higdcn
647 4561 730 4611 which
748 4561 771 4611 is
790 4562 851 4612 here
909 4558 1046 4611 Wullenais
1055 4576 1105 4626 per
1116 4558 1262 4611 Medorum.

348 4637 425 4705 being
444 4640 546 4703 quoted.
580 4640 662 4691 There
680 4640 702 4691 is
720 4640 851 4691 neithera
936 4640 947 4673 ⁴
958 4640 1035 4705 filius
1059 4638 1198 4707 Morgani]
1224 4636 1328 4709 quidam
1345 4638 1407 4687 We·

348 4717 429 4768 break
439 4718 466 4767 in
478 4720 522 4770 the
531 4726 588 4770 text
597 4736 684 4770 noran
691 4718 851 4770 illuminated
902 4718 988 4782 lensia,
1000 4718 1079 4786 Higd.

349 4793 430 4856 letter,
450 4801 502 4849 and
523 4797 568 4849 the
590 4799 684 4850 author
702 4800 784 4850 would
803 4807 848 4850 not

448 4904 464 4942 ο
499 4893 591 4943 51971.
1254 4909 1276 4955 Τ
