3625 5784
427 873 491 938 196
785 884 931 935 assaret
955 883 1137 933 sursnrou

427 1072 603 1159 junctique
627 1071 793 1159 rogalibus
809 1072 866 1159 qui
889 1072 1013 1137 ibidem
1033 1071 1173 1137 aderant
1194 1074 1339 1136 castrum
1354 1069 1485 1135 fortiter

433 1174 595 1240 machinis
630 1175 748 1263 ligneis
787 1179 1071 1261 oppugnaverunt.
1123 1172 1218 1253 Quod
1242 1195 1317 1238 cum
1350 1172 1485 1236 domina

261 1285 405 1361 Assoron
434 1275 595 1342 Nicholaa
618 1277 784 1362 quondam
816 1277 941 1341 domini
965 1275 1104 1341 Gerardi
1137 1273 1295 1340 Canavile
1319 1296 1393 1340 cum
1416 1274 1484 1339 suis

261 1351 377 1400 ¹¹¹¹¹⁰⁰¹¹¹‘
432 1379 635 1443 validissime
667 1375 889 1454 defendisset,l
913 1378 949 1440 in
987 1376 1054 1440 fine
1089 1383 1202 1442 tamen
1234 1376 1483 1462 praevaluerunt

431 1480 566 1567 regales,
591 1485 626 1545 at
649 1484 786 1567 optenta
809 1479 950 1544 victoria
972 1478 1131 1564 quosdam
1165 1500 1208 1542 ex
1233 1477 1411 1542 baronibus
1426 1477 1484 1563 qui

431 1582 555 1647 ibidem
600 1583 739 1647 aderant
784 1580 895 1667 gladio
950 1587 1172 1666 peremerunt,
1231 1585 1265 1644 at
1324 1580 1484 1665 quosdam

432 1683 627 1750 abduxere²
664 1684 824 1770 captivos,
863 1681 1062 1748 civitatem³
1095 1683 1199 1767 ipsam
1235 1683 1416 1766 spoliantes
1450 1689 1485 1747 at

263 1793 414 1860 mekmg’s
433 1786 522 1850 cives
545 1787 649 1872 ipsius
672 1786 708 1848 in
724 1785 954 1872 captivitatem
977 1784 1183 1869 rediguntur.
1229 1784 1357 1870 Vulgus
1382 1784 1483 1848 etiam

264 1869 351 1938 Μ’.
403 1887 577 1977 ,agnosse
611 1893 646 1952 es
687 1887 748 1952 nis
782 1885 886 1951 seon
922 1886 963 1951 st
1000 1887 1136 1951 massae
1170 1886 1306 1952 ecclesa
1336 1885 1486 1952 stamma

433 1989 610 2066 stabulum,
656 1989 902 2054 introducentes
940 2009 1040 2074 equos
1078 1993 1113 2052 et
1152 1988 1301 2074 pecudes,
1338 1995 1372 2054 et
1416 2010 1484 2053 non

432 2097 593 2168 verentes,
616 2092 673 2156 sed
696 2091 913 2177 deturpantes
935 2111 1081 2176 praesepe
1104 2089 1231 2154 domini
1247 2091 1307 2156 aui.
1355 2090 1484 2170 Quibus

432 2195 572 2278 peractis
618 2198 834 2278 perrexerunt
868 2192 994 2278 regales
1028 2213 1103 2255 cum
1148 2193 1291 2278 captivis
1335 2195 1404 2258 suis
1440 2194 1484 2258 ad

262 2310 336 2374 They
348 2313 403 2362 also
432 2303 578 2361 montem
602 2295 763 2360 Sorellum
789 2300 822 2359 et
846 2301 990 2359 castrum
1013 2294 1098 2359 illud
1121 2295 1290 2360 deditione
1313 2300 1480 2381 ceperunt.

261 2377 358 2493 ffint
433 2397 649 2482 Wyntoniam
673 2397 773 2462 etiam
798 2418 873 2462 cum
895 2401 1004 2462 castro
1027 2402 1063 2461 et
1085 2397 1244 2481 quasdam
1267 2397 1350 2462 olias
1374 2397 1483 2461 muni-

262 2508 409 2584 Sorrslsnd
432 2499 538 2564 tiones
573 2500 609 2564 in
643 2499 753 2586 patria
790 2499 902 2584 adepti
930 2504 1019 2564 sunt.
1079 2499 1121 2562 In
1159 2498 1249 2563 fine⁴
1277 2499 1364 2564 acies
1406 2521 1482 2563 suas

260 2575 398 2690 ginosos·
432 2601 610 2688 dirigentes
633 2602 837 2667 Loudoniam
862 2607 900 2666 ut
922 2606 1156 2687 oppugnarent
1178 2601 1359 2679 civitatem,
1382 2623 1480 2687 quarn

260 2729 333 2780 'rhen
346 2733 407 2798 they
429 2715 511 2770 tunc
534 2704 671 2792 ingressi
695 2725 763 2770 non
785 2709 872 2768 sunt.
921 2704 1007 2769 Sane
1030 2703 1119 2768 inter
1140 2709 1260 2789 partes,
1286 2709 1326 2768 ut
1356 2705 1482 2769 dictum

258 2799 393 2915 ffilgnffl
428 2812 488 2878 est,
511 2807 569 2870 diu
601 2806 809 2891 multumque
840 2809 1005 2870 certatum
1036 2811 1087 2869 cst
1116 2806 1304 2869 alternante
1335 2804 1482 2882 fortuna,

367 2902 373 2915 '
428 2927 506 2970 nam
522 2905 658 2972 eontra⁶
674 2906 733 2972 hos
748 2904 850 2970 variis
865 2905 1069 2970 successibus
1085 2905 1238 2971 elidebat.
1272 2906 1314 2969 In
1338 2906 1480 2991 quodam

257 2955 386 3088 ddsvtbiby
428 3009 516 3072 enim
550 3007 706 3073 conflictu
752 3007 841 3094 apud
881 3012 1025 3072 castrum
1058 3006 1222 3071 Barnardi
1265 3009 1389 3072 corruit
1424 3007 1480 3072 ille

257 3087 373 3206 ὲξξζζξᾱ
426 3110 547 3174 nobilis
587 3111 637 3174 vir
668 3108 866 3174 Eustachius
905 3108 947 3172 de
985 3108 1100 3193 Vessy.
1162 3108 1325 3173 Videntes
1364 3115 1478 3174 autem

257 3219 351 3272 eastre.
426 3209 564 3276 barones
600 3233 633 3276 se
675 3233 742 3276 non
778 3209 935 3296 proficere
982 3209 1026 3274 ad
1063 3215 1188 3287 votum,
1220 3215 1338 3274 mutuo
1368 3210 1480 3296 loque·

426 3312 548 3376 bantur
563 3313 749 3377 adinvicem
765 3311 921 3388 dicentes,
947 3310 1064 3389 “Quid
1080 3309 1239 3376 faciemus
1255 3311 1295 3375 de
1318 3312 1382 3376 isto
1397 3334 1473 3398 rege

425 3421 441 3446 “
465 3415 610 3498 iniquo?
657 3413 693 3477 Si
728 3413 775 3480 sio
810 3413 1032 3477 dimiserimus
1066 3433 1141 3476 eum
1174 3411 1320 3478 delebit⁶
1350 3435 1410 3479 nos
1445 3421 1479 3481 et

424 3519 441 3548 ‘¹
464 3514 624 3600 populum
639 3519 799 3579 nostrum.
837 3513 984 3600 Expedit
999 3513 1102 3599 igitur
1117 3519 1156 3577 ut
1179 3514 1329 3580 deleatur
1350 3537 1372 3580 a
1398 3515 1479 3581 solio

423 3623 440 3650 “
463 3617 556 3703 regni
589 3616 648 3681 sui.
701 3615 864 3682 Nolumus
892 3617 982 3679 enim
1007 3615 1048 3679 de
1081 3619 1199 3679 caetero
1235 3638 1312 3680 eum
1343 3638 1478 3704 regnare

423 3725 439 3754 “
464 3741 562 3804 super
600 3718 690 3784 nos.''
738 3719 837 3784 Unde
869 3719 1111 3784 communicato
1141 3719 1279 3784 oonsilio
1316 3721 1479 3785 miserunt

251 3816 409 3934 ffihvptgtrons
421 3823 559 3888 nuncios
582 3823 625 3886 ad
652 3821 861 3887 Lodowicum
884 3822 991 3885 filium
1022 3822 1109 3907 regis
1143 3821 1300 3902 Franciae,
1324 3830 1477 3910 rogantes

250 3949 330 4000 nouis
343 3953 387 4003 the
422 3929 462 3990 ut
479 3936 558 3989 'cum
576 3924 667 3990 omni
689 3923 900 3988 festinatione
917 3924 1048 3988 veniret
1063 3928 1098 3988 et
1123 3931 1279 4010 regnaret
1295 3947 1393 4013 super
1414 3947 1478 4004 eos,

966 4087 975 4093 .
985 4087 1111 4094 ...-......-

455 4173 463 4204 ¹
482 4170 663 4234 dffendisseat,
673 4169 729 4220 MS.
742 4171 792 4219 aud
805 4171 837 4218 A.
1010 4170 1142 4236 lcontra]
1164 4171 1225 4222 This
1237 4188 1317 4224 seems
1335 4183 1363 4224 to
1382 4177 1414 4226 bc
1432 4177 1477 4226 the

451 4249 462 4282 ⁹
479 4248 614 4308 abduxere,
626 4251 663 4297 M.
676 4249 727 4298 aud
742 4246 770 4297 in
782 4251 815 4298 Λ.
827 4247 927 4298 abdux-
976 4247 1080 4313 reading
1099 4250 1128 4298 cf
1138 4252 1181 4312 A,
1200 4252 1247 4300 but
1265 4252 1309 4301 the
1320 4256 1389 4303 word
1409 4253 1431 4304 is
1450 4254 1476 4303 in

420 4334 494 4378 erum
513 4345 565 4378 was
585 4328 641 4377 first
666 4325 772 4386 written,
794 4327 842 4377 but
862 4327 924 4377 then
975 4327 1018 4376 the
1029 4327 1077 4377 last
1089 4327 1139 4378 line
1151 4329 1183 4378 ol'
1196 4329 1240 4380 the
1256 4345 1329 4395 page,
1340 4333 1392 4382 and
1410 4331 1477 4383 from

420 4409 523 4458 altered.
975 4405 1019 4455 the
1050 4407 1175 4471 damaged
1211 4408 1342 4459 condition
1369 4409 1398 4460 oi
1433 4413 1478 4462 the

452 4487 537 4536 ³MS.
559 4483 605 4534 has
632 4483 659 4534 is
686 4482 773 4534 before
798 4481 923 4532 ciuitatem
974 4487 1132 4550 manuscript
1149 4484 1171 4535 is
1187 4494 1305 4553 notrery
1316 4490 1399 4551 clesr;
1415 4491 1476 4543 MS.

418 4564 542 4628 urongly.
973 4561 1099 4613 hastunc.

449 4642 545 4691 ⁴Herc
579 4656 613 4691 on
646 4640 710 4690 both
745 4639 856 4706 margins
899 4638 921 4689 is
1005 4640 1135 4704 ⁶deletr't,
1147 4644 1200 4702 A.;
1217 4641 1329 4706 delebat,
1341 4645 1398 4698 MS.

414 4720 535 4770 Berones
556 4720 679 4769 usitatam
696 4734 748 4784 ¹pro
765 4717 827 4782 filio
851 4719 919 4782 repis

415 4798 542 4850 Francia.
