<?xml version="1.0" encoding="UTF-8"?>
<!DOCTYPE html PUBLIC "-//W3C//DTD XHTML 1.0 Transitional//EN"
    "http://www.w3.org/TR/xhtml1/DTD/xhtml1-transitional.dtd">
<html xmlns="http://www.w3.org/1999/xhtml" xml:lang="en" lang="en">
 <head>
  <title>
</title>
<meta http-equiv="Content-Type" content="text/html;charset=utf-8" />
  <meta name='ocr-system' content='tesseract 3.04.00' />
  <meta name='ocr-capabilities' content='ocr_page ocr_carea ocr_par ocr_line ocrx_word'/>
</head>
<body>
  <div class='ocr_page' id='page_1' title='image "./chroniconhenric00lumbgoog_0497.png"; bbox 0 0 3625 5784; ppageno 0'>
   <div class='ocr_carea' id='block_1_1' title="bbox 442 824 1159 899">
    <p class='ocr_par' dir='ltr' id='par_1_1' title="bbox 442 824 1159 899">
     <span class='ocr_line' id='line_1_1' title="bbox 442 824 1159 899; baseline 0 -2"><span class='ocrx_word' id='word_1_1' title='bbox 442 824 509 897; x_wconf 76' lang='lat'>474</span> <span class='ocrx_word' id='word_1_2' title='bbox 802 845 951 898; x_wconf 70' lang='lat' dir='ltr'>nnuma</span> <span class='ocrx_word' id='word_1_3' title='bbox 974 846 1159 899; x_wconf 77' lang='lat' dir='ltr'>mauron</span> 
     </span>
    </p>
   </div>
   <div class='ocr_carea' id='block_1_2' title="bbox 433 1030 1552 2857">
    <p class='ocr_par' dir='ltr' id='par_1_2' title="bbox 435 1030 1493 1629">
     <span class='ocr_line' id='line_1_2' title="bbox 439 1030 1493 1121; baseline 0.006 -26"><span class='ocrx_word' id='word_1_4' title='bbox 439 1030 599 1098; x_wconf 85' lang='lat' dir='ltr'>deberent</span> <span class='ocrx_word' id='word_1_5' title='bbox 618 1032 660 1099; x_wconf 86' lang='lat' dir='ltr'>de</span> <span class='ocrx_word' id='word_1_6' title='bbox 680 1030 818 1119; x_wconf 83' lang='lat' dir='ltr'>justitia</span> <span class='ocrx_word' id='word_1_7' title='bbox 846 1032 901 1099; x_wconf 88' lang='lat' dir='ltr'>vel</span> <span class='ocrx_word' id='word_1_8' title='bbox 930 1031 1008 1119; x_wconf 86' lang='lat' dir='ltr'>jure</span> <span class='ocrx_word' id='word_1_9' title='bbox 1041 1032 1262 1111; x_wconf 80' lang='lat' dir='ltr'>haereditario,</span> <span class='ocrx_word' id='word_1_10' title='bbox 1284 1035 1406 1121; x_wconf 80' lang='lat' dir='ltr'>prater</span> <span class='ocrx_word' id='word_1_11' title='bbox 1439 1054 1493 1101; x_wconf 79' lang='lat' dir='ltr'>eos</span> 
     </span>
     <span class='ocr_line' id='line_1_3' title="bbox 439 1133 1493 1223; baseline 0.003 -24"><span class='ocrx_word' id='word_1_12' title='bbox 439 1134 497 1220; x_wconf 88' lang='lat' dir='ltr'>qui</span> <span class='ocrx_word' id='word_1_13' title='bbox 527 1133 714 1222; x_wconf 78' lang='lat' dir='ltr'>excipiendi</span> <span class='ocrx_word' id='word_1_14' title='bbox 747 1139 843 1201; x_wconf 82' lang='lat' dir='ltr'>erant</span> <span class='ocrx_word' id='word_1_15' title='bbox 876 1156 936 1223; x_wconf 89' lang='lat' dir='ltr'>per</span> <span class='ocrx_word' id='word_1_16' title='bbox 966 1156 1172 1201; x_wconf 84' lang='lat' dir='ltr'>communem</span> <span class='ocrx_word' id='word_1_17' title='bbox 1206 1158 1384 1201; x_wconf 74' lang='lat' dir='ltr'><strong>assensum.</strong></span> <span class='ocrx_word' id='word_1_18' title='bbox 1438 1137 1493 1203; x_wconf 88' lang='lat' dir='ltr'>Ita</span> 
     </span>
     <span class='ocr_line' id='line_1_4' title="bbox 438 1236 1493 1323; baseline 0.004 -22"><span class='ocrx_word' id='word_1_19' title='bbox 438 1236 540 1303; x_wconf 84' lang='lat' dir='ltr'>etiam</span> <span class='ocrx_word' id='word_1_20' title='bbox 561 1237 651 1323; x_wconf 91' lang='lat' dir='ltr'>quod</span> <span class='ocrx_word' id='word_1_21' title='bbox 673 1238 785 1303; x_wconf 90' lang='lat' dir='ltr'>omnia</span> <span class='ocrx_word' id='word_1_22' title='bbox 805 1237 928 1303; x_wconf 79' lang='lat' dir='ltr'>delicta</span> <span class='ocrx_word' id='word_1_23' title='bbox 949 1243 984 1303; x_wconf 88' lang='lat' dir='ltr'>et</span> <span class='ocrx_word' id='word_1_24' title='bbox 1009 1238 1099 1303; x_wconf 78' lang='lat' dir='ltr'>mnia</span> <span class='ocrx_word' id='word_1_25' title='bbox 1121 1236 1212 1303; x_wconf 76' lang='lat' dir='ltr'>faeta</span> <span class='ocrx_word' id='word_1_26' title='bbox 1237 1259 1312 1323; x_wconf 85' lang='lat' dir='ltr'>quae</span> <span class='ocrx_word' id='word_1_27' title='bbox 1344 1238 1493 1305; x_wconf 87' lang='lat' dir='ltr'>feeerant</span> 
     </span>
     <span class='ocr_line' id='line_1_5' title="bbox 437 1338 1491 1427; baseline 0.002 -24"><span class='ocrx_word' id='word_1_28' title='bbox 437 1338 474 1403; x_wconf 91' lang='lat' dir='ltr'>in</span> <span class='ocrx_word' id='word_1_29' title='bbox 495 1361 599 1427; x_wconf 79' lang='lat' dir='ltr'>regno</span> <span class='ocrx_word' id='word_1_30' title='bbox 620 1339 751 1427; x_wconf 83' lang='lat' dir='ltr'>Angliae</span> <span class='ocrx_word' id='word_1_31' title='bbox 773 1362 794 1404; x_wconf 90' lang='lat' dir='ltr'>a</span> <span class='ocrx_word' id='word_1_32' title='bbox 820 1339 983 1427; x_wconf 78' lang='lat' dir='ltr'>principio</span> <span class='ocrx_word' id='word_1_33' title='bbox 1015 1340 1132 1404; x_wconf 90' lang='lat' dir='ltr'>mundi</span> <span class='ocrx_word' id='word_1_34' title='bbox 1166 1360 1271 1425; x_wconf 90' lang='lat' dir='ltr'>usque</span> <span class='ocrx_word' id='word_1_35' title='bbox 1304 1340 1348 1404; x_wconf 89' lang='lat' dir='ltr'>ad</span> <span class='ocrx_word' id='word_1_36' title='bbox 1377 1340 1491 1405; x_wconf 85' lang='lat' dir='ltr'>datam</span> 
     </span>
     <span class='ocr_line' id='line_1_6' title="bbox 435 1428 1492 1528; baseline 0.003 -21"><span class='ocrx_word' id='word_1_37' title='bbox 435 1443 651 1527; x_wconf 86' lang='lat' dir='ltr'>praeaentium</span> <span class='ocrx_word' id='word_1_38' title='bbox 672 1442 797 1528; x_wconf 86' lang='lat' dir='ltr'>absque</span> <span class='ocrx_word' id='word_1_39' title='bbox 818 1442 1077 1509; x_wconf 73' lang='lat' dir='ltr'>incarceratione</span> <span class='ocrx_word' id='word_1_40' title='bbox 1099 1441 1155 1507; x_wconf 90' lang='lat' dir='ltr'>vel</span> <span class='ocrx_word' id='word_1_41' title='bbox 1173 1441 1241 1507; x_wconf 81' lang='lat' dir='ltr'>alia</span> <span class='ocrx_word' id='word_1_42' title='bbox 1262 1428 1492 1510; x_wconf 83' lang='lat' dir='ltr'>molestatione</span> 
     </span>
     <span class='ocr_line' id='line_1_7' title="bbox 436 1543 711 1629; baseline 0 -20"><span class='ocrx_word' id='word_1_43' title='bbox 436 1543 711 1629; x_wconf 70' lang='lat' dir='ltr'>perdomarentur.</span> 
     </span>
    </p>

    <p class='ocr_par' dir='ltr' id='par_1_3' title="bbox 434 1645 1492 2041">
     <span class='ocr_line' id='line_1_8' title="bbox 480 1645 1492 1732; baseline 0.002 -21"><span class='ocrx_word' id='word_1_44' title='bbox 480 1645 592 1711; x_wconf 85' lang='lat' dir='ltr'>Etiam</span> <span class='ocrx_word' id='word_1_45' title='bbox 624 1646 713 1732; x_wconf 88' lang='lat' dir='ltr'>quod</span> <span class='ocrx_word' id='word_1_46' title='bbox 744 1666 852 1712; x_wconf 84' lang='lat' dir='ltr'>eomes</span> <span class='ocrx_word' id='word_1_47' title='bbox 885 1646 927 1711; x_wconf 90' lang='lat' dir='ltr'>de</span> <span class='ocrx_word' id='word_1_48' title='bbox 949 1646 1102 1723; x_wconf 86' lang='lat' dir='ltr'>Asselles,</span> <span class='ocrx_word' id='word_1_49' title='bbox 1132 1652 1167 1712; x_wconf 87' lang='lat' dir='ltr'>at</span> <span class='ocrx_word' id='word_1_50' title='bbox 1201 1646 1355 1711; x_wconf 88' lang='lat' dir='ltr'>deminus</span> <span class='ocrx_word' id='word_1_51' title='bbox 1387 1646 1492 1713; x_wconf 83' lang='lat' dir='ltr'>Alex·</span> 
     </span>
     <span class='ocr_line' id='line_1_9' title="bbox 434 1747 1491 1834; baseline 0.003 -23"><span class='ocrx_word' id='word_1_52' title='bbox 434 1748 538 1813; x_wconf 83' lang='lat' dir='ltr'>ander</span> <span class='ocrx_word' id='word_1_53' title='bbox 560 1748 744 1834; x_wconf 85' lang='lat' dir='ltr'>Moubraye</span> <span class='ocrx_word' id='word_1_54' title='bbox 766 1747 928 1813; x_wconf 87' lang='lat' dir='ltr'>habereut</span> <span class='ocrx_word' id='word_1_55' title='bbox 950 1752 1057 1813; x_wconf 84' lang='lat' dir='ltr'>terras</span> <span class='ocrx_word' id='word_1_56' title='bbox 1072 1751 1108 1813; x_wconf 89' lang='lat' dir='ltr'>et</span> <span class='ocrx_word' id='word_1_57' title='bbox 1129 1751 1321 1813; x_wconf 87' lang='lat' dir='ltr'>tenementa</span> <span class='ocrx_word' id='word_1_58' title='bbox 1343 1752 1377 1813; x_wconf 83' lang='lat' dir='ltr'>at</span> <span class='ocrx_word' id='word_1_59' title='bbox 1393 1748 1491 1815; x_wconf 81' lang='lat' dir='ltr'>feoda</span> 
     </span>
     <span class='ocr_line' id='line_1_10' title="bbox 434 1848 1491 1938; baseline 0.002 -24"><span class='ocrx_word' id='word_1_60' title='bbox 434 1848 471 1914; x_wconf 92' lang='lat' dir='ltr'>in</span> <span class='ocrx_word' id='word_1_61' title='bbox 492 1850 618 1938; x_wconf 84' lang='lat' dir='ltr'>Anglia</span> <span class='ocrx_word' id='word_1_62' title='bbox 639 1872 713 1936; x_wconf 79' lang='lat' dir='ltr'>quaa</span> <span class='ocrx_word' id='word_1_63' title='bbox 728 1849 897 1915; x_wconf 82' lang='lat' dir='ltr'>habebant</span> <span class='ocrx_word' id='word_1_64' title='bbox 919 1850 955 1914; x_wconf 91' lang='lat' dir='ltr'>in</span> <span class='ocrx_word' id='word_1_65' title='bbox 977 1870 1105 1915; x_wconf 82' lang='lat' dir='ltr'>raeeeau</span> <span class='ocrx_word' id='word_1_66' title='bbox 1121 1870 1180 1915; x_wconf 88' lang='lat' dir='ltr'>sue</span> <span class='ocrx_word' id='word_1_67' title='bbox 1201 1850 1242 1915; x_wconf 88' lang='lat' dir='ltr'>de</span> <span class='ocrx_word' id='word_1_68' title='bbox 1258 1849 1357 1915; x_wconf 91' lang='lat' dir='ltr'>Novo</span> <span class='ocrx_word' id='word_1_69' title='bbox 1373 1850 1491 1916; x_wconf 81' lang='lat' dir='ltr'>Castm</span> 
     </span>
     <span class='ocr_line' id='line_1_11' title="bbox 434 1949 1489 2041; baseline 0.004 -27"><span class='ocrx_word' id='word_1_70' title='bbox 434 1972 534 2036; x_wconf 86' lang='lat' dir='ltr'>super</span> <span class='ocrx_word' id='word_1_71' title='bbox 557 1950 689 2037; x_wconf 85' lang='lat' dir='ltr'>Tynam</span> <span class='ocrx_word' id='word_1_72' title='bbox 712 1951 846 2037; x_wconf 89' lang='lat' dir='ltr'>quando</span> <span class='ocrx_word' id='word_1_73' title='bbox 869 1949 1018 2017; x_wconf 76' lang='lat' dir='ltr'>fecerant</span> <span class='ocrx_word' id='word_1_74' title='bbox 1041 1952 1233 2038; x_wconf 79' lang='lat' dir='ltr'>homagium</span> <span class='ocrx_word' id='word_1_75' title='bbox 1255 1952 1327 2039; x_wconf 85' lang='lat' dir='ltr'>regi</span> <span class='ocrx_word' id='word_1_76' title='bbox 1348 1952 1489 2041; x_wconf 83' lang='lat' dir='ltr'>Angliae.</span> 
     </span>
    </p>

    <p class='ocr_par' dir='ltr' id='par_1_4' title="bbox 433 2050 1552 2857">
     <span class='ocr_line' id='line_1_12' title="bbox 478 2050 1490 2137; baseline 0.002 -22"><span class='ocrx_word' id='word_1_77' title='bbox 478 2050 592 2116; x_wconf 88' lang='lat' dir='ltr'>Etiam</span> <span class='ocrx_word' id='word_1_78' title='bbox 628 2052 717 2137; x_wconf 89' lang='lat' dir='ltr'>quod</span> <span class='ocrx_word' id='word_1_79' title='bbox 755 2051 928 2117; x_wconf 73' lang='lat' dir='ltr'>libertates</span> <span class='ocrx_word' id='word_1_80' title='bbox 969 2050 1112 2117; x_wconf 80' lang='lat' dir='ltr'>ecelesiae</span> <span class='ocrx_word' id='word_1_81' title='bbox 1158 2050 1276 2118; x_wconf 80' lang='lat' dir='ltr'>Seotiae</span> <span class='ocrx_word' id='word_1_82' title='bbox 1311 2050 1490 2117; x_wconf 76' lang='lat' dir='ltr'>foveantur</span> 
     </span>
     <span class='ocr_line' id='line_1_13' title="bbox 433 2152 1489 2244; baseline 0.003 -26"><span class='ocrx_word' id='word_1_83' title='bbox 433 2154 615 2219; x_wconf 85' lang='lat' dir='ltr'>seeundum</span> <span class='ocrx_word' id='word_1_84' title='bbox 636 2154 814 2239; x_wconf 86' lang='lat' dir='ltr'>antiquum</span> <span class='ocrx_word' id='word_1_85' title='bbox 840 2174 939 2244; x_wconf 85' lang='lat' dir='ltr'>suum</span> <span class='ocrx_word' id='word_1_86' title='bbox 970 2154 1157 2241; x_wconf 73' lang='lat' dir='ltr'>usuagium.</span> <span class='ocrx_word' id='word_1_87' title='bbox 1202 2154 1247 2218; x_wconf 80' lang='lat' dir='ltr'>Et</span> <span class='ocrx_word' id='word_1_88' title='bbox 1280 2152 1368 2239; x_wconf 90' lang='lat' dir='ltr'>quod</span> <span class='ocrx_word' id='word_1_89' title='bbox 1401 2154 1489 2241; x_wconf 85' lang='lat' dir='ltr'>leges</span> 
     </span>
     <span class='ocr_line' id='line_1_14' title="bbox 434 2253 1489 2343; baseline 0 -22"><span class='ocrx_word' id='word_1_90' title='bbox 434 2253 556 2321; x_wconf 78' lang='lat' dir='ltr'>Seotiae</span> <span class='ocrx_word' id='word_1_91' title='bbox 578 2256 614 2319; x_wconf 93' lang='lat' dir='ltr'>in</span> <span class='ocrx_word' id='word_1_92' title='bbox 645 2256 761 2343; x_wconf 70' lang='lat' dir='ltr'>burgis</span> <span class='ocrx_word' id='word_1_93' title='bbox 792 2259 828 2321; x_wconf 84' lang='lat' dir='ltr'>et</span> <span class='ocrx_word' id='word_1_94' title='bbox 859 2256 949 2321; x_wconf 86' lang='lat' dir='ltr'>villis</span> <span class='ocrx_word' id='word_1_95' title='bbox 981 2255 1229 2321; x_wconf 72' lang='lat' dir='ltr'>vicedomitibus</span> <span class='ocrx_word' id='word_1_96' title='bbox 1261 2254 1352 2319; x_wconf 82' lang='lat' dir='ltr'>inim</span> <span class='ocrx_word' id='word_1_97' title='bbox 1382 2260 1489 2321; x_wconf 83' lang='lat' dir='ltr'>terras</span> 
     </span>
     <span class='ocr_line' id='line_1_15' title="bbox 434 2354 1489 2446; baseline 0.002 -24"><span class='ocrx_word' id='word_1_98' title='bbox 434 2358 522 2446; x_wconf 80' lang='lat' dir='ltr'>regis</span> <span class='ocrx_word' id='word_1_99' title='bbox 544 2354 664 2424; x_wconf 80' lang='lat' dir='ltr'>Seotiae</span> <span class='ocrx_word' id='word_1_100' title='bbox 679 2358 849 2423; x_wconf 85' lang='lat' dir='ltr'>usitantur</span> <span class='ocrx_word' id='word_1_101' title='bbox 862 2358 1044 2424; x_wconf 86' lang='lat' dir='ltr'>seeundum</span> <span class='ocrx_word' id='word_1_102' title='bbox 1062 2358 1218 2443; x_wconf 80' lang='lat' dir='ltr'>antiquae</span> <span class='ocrx_word' id='word_1_103' title='bbox 1235 2358 1489 2425; x_wconf 85' lang='lat' dir='ltr'>eonsuetudines</span> 
     </span>
     <span class='ocr_line' id='line_1_16' title="bbox 433 2458 1488 2548; baseline 0.002 -25"><span class='ocrx_word' id='word_1_104' title='bbox 433 2459 521 2525; x_wconf 83' lang='lat' dir='ltr'>sieut</span> <span class='ocrx_word' id='word_1_105' title='bbox 543 2459 677 2525; x_wconf 80' lang='lat' dir='ltr'>usitatae</span> <span class='ocrx_word' id='word_1_106' title='bbox 696 2458 832 2525; x_wconf 74' lang='lat' dir='ltr'>fuerant</span> <span class='ocrx_word' id='word_1_107' title='bbox 846 2464 995 2547; x_wconf 88' lang='lat' dir='ltr'>tempore</span> <span class='ocrx_word' id='word_1_108' title='bbox 1018 2460 1105 2548; x_wconf 84' lang='lat' dir='ltr'>regis</span> <span class='ocrx_word' id='word_1_109' title='bbox 1120 2458 1326 2535; x_wconf 79' lang='lat' dir='ltr'>Alexandri3</span> <span class='ocrx_word' id='word_1_110' title='bbox 1350 2464 1384 2525; x_wconf 83' lang='lat' dir='ltr'>et</span> <span class='ocrx_word' id='word_1_111' title='bbox 1399 2460 1488 2545; x_wconf 91' lang='lat' dir='ltr'>quod</span> 
     </span>
     <span class='ocr_line' id='line_1_17' title="bbox 433 2560 1488 2649; baseline 0 -24"><span class='ocrx_word' id='word_1_112' title='bbox 433 2560 541 2627; x_wconf 83' lang='lat' dir='ltr'>officia</span> <span class='ocrx_word' id='word_1_113' title='bbox 562 2560 657 2649; x_wconf 85' lang='lat' dir='ltr'>regni</span> <span class='ocrx_word' id='word_1_114' title='bbox 680 2560 799 2627; x_wconf 83' lang='lat' dir='ltr'>Seotiae</span> <span class='ocrx_word' id='word_1_115' title='bbox 826 2561 1059 2627; x_wconf 87' lang='lat' dir='ltr'>ministrentur</span> <span class='ocrx_word' id='word_1_116' title='bbox 1088 2581 1147 2648; x_wconf 85' lang='lat' dir='ltr'>per</span> <span class='ocrx_word' id='word_1_117' title='bbox 1169 2561 1318 2625; x_wconf 88' lang='lat' dir='ltr'>homines</span> <span class='ocrx_word' id='word_1_118' title='bbox 1341 2560 1488 2646; x_wconf 87' lang='lat' dir='ltr'>ejusdem</span> 
     </span>
     <span class='ocr_line' id='line_1_18' title="bbox 433 2662 1489 2751; baseline 0.002 -24"><span class='ocrx_word' id='word_1_119' title='bbox 433 2663 588 2741; x_wconf 84' lang='lat' dir='ltr'>nationis,</span> <span class='ocrx_word' id='word_1_120' title='bbox 609 2663 659 2728; x_wconf 84' lang='lat' dir='ltr'>ita</span> <span class='ocrx_word' id='word_1_121' title='bbox 680 2663 770 2749; x_wconf 90' lang='lat' dir='ltr'>quod</span> <span class='ocrx_word' id='word_1_122' title='bbox 791 2685 851 2729; x_wconf 79' lang='lat' dir='ltr'>rex</span> <span class='ocrx_word' id='word_1_123' title='bbox 874 2662 995 2729; x_wconf 80' lang='lat' dir='ltr'>Seotiae</span> <span class='ocrx_word' id='word_1_124' title='bbox 1017 2663 1122 2749; x_wconf 90' lang='lat' dir='ltr'>possit</span> <span class='ocrx_word' id='word_1_125' title='bbox 1151 2662 1193 2728; x_wconf 88' lang='lat' dir='ltr'>de</span> <span class='ocrx_word' id='word_1_126' title='bbox 1219 2684 1279 2727; x_wconf 85' lang='lat' dir='ltr'>sue</span> <span class='ocrx_word' id='word_1_127' title='bbox 1313 2662 1489 2751; x_wconf 81' lang='lat' dir='ltr'>regalitate</span> 
     </span>
     <span class='ocr_line' id='line_1_19' title="bbox 433 2763 1552 2857; baseline -0.001 -27"><span class='ocrx_word' id='word_1_128' title='bbox 433 2765 600 2851; x_wconf 77' lang='lat' dir='ltr'>praefioere</span> <span class='ocrx_word' id='word_1_129' title='bbox 622 2763 795 2831; x_wconf 79' lang='lat' dir='ltr'>officiarios</span> <span class='ocrx_word' id='word_1_130' title='bbox 817 2766 908 2830; x_wconf 91' lang='lat' dir='ltr'>omni</span> <span class='ocrx_word' id='word_1_131' title='bbox 930 2770 1078 2851; x_wconf 89' lang='lat' dir='ltr'>tempore</span> <span class='ocrx_word' id='word_1_132' title='bbox 1100 2764 1144 2829; x_wconf 92' lang='lat' dir='ltr'>ad</span> <span class='ocrx_word' id='word_1_133' title='bbox 1166 2764 1326 2851; x_wconf 77' lang='lat' dir='ltr'>placitum</span> <span class='ocrx_word' id='word_1_134' title='bbox 1349 2764 1391 2829; x_wconf 87' lang='lat' dir='ltr'>da</span> <span class='ocrx_word' id='word_1_135' title='bbox 1407 2786 1487 2850; x_wconf 84' lang='lat' dir='ltr'>qua-</span> <span class='ocrx_word' id='word_1_136' title='bbox 1548 2851 1552 2857; x_wconf 18' lang='grc' dir='ltr'>ι</span> 
     </span>
    </p>
   </div>
   <div class='ocr_carea' id='block_1_3' title="bbox 433 2866 1644 2968">
    <p class='ocr_par' dir='ltr' id='par_1_5' title="bbox 433 2866 1644 2968">
     <span class='ocr_line' id='line_1_20' title="bbox 433 2866 1644 2968; baseline -0.002 -34"><span class='ocrx_word' id='word_1_137' title='bbox 433 2887 573 2953; x_wconf 86' lang='lat' dir='ltr'>eumque</span> <span class='ocrx_word' id='word_1_138' title='bbox 595 2867 906 2968; x_wconf 28' lang='lat' dir='ltr'>nationelvoluerit.</span> <span class='ocrx_word' id='word_1_139' title='bbox 953 2867 998 2932; x_wconf 84' lang='lat' dir='ltr'>Et</span> <span class='ocrx_word' id='word_1_140' title='bbox 1014 2866 1103 2953; x_wconf 89' lang='lat' dir='ltr'>quod</span> <span class='ocrx_word' id='word_1_141' title='bbox 1118 2887 1231 2931; x_wconf 89' lang='lat' dir='ltr'>omnes</span> <span class='ocrx_word' id='word_1_142' title='bbox 1254 2866 1304 2931; x_wconf 91' lang='lat' dir='ltr'>illi</span> <span class='ocrx_word' id='word_1_143' title='bbox 1327 2866 1385 2951; x_wconf 91' lang='lat' dir='ltr'>qui</span> <span class='ocrx_word' id='word_1_144' title='bbox 1408 2870 1644 2937; x_wconf 71' lang='lat' dir='ltr'>suntTwrs-eol.</span> 
     </span>
    </p>
   </div>
   <div class='ocr_carea' id='block_1_4' title="bbox 433 2940 1574 3053">
    <p class='ocr_par' dir='ltr' id='par_1_6' title="bbox 433 2940 1574 3053">
     <span class='ocr_line' id='line_1_21' title="bbox 433 2940 1574 3053; baseline -0.004 -20"><span class='ocrx_word' id='word_1_145' title='bbox 433 2969 497 3033; x_wconf 91' lang='lat' dir='ltr'>sub</span> <span class='ocrx_word' id='word_1_146' title='bbox 525 2969 714 3035; x_wconf 87' lang='lat' dir='ltr'>eonditione</span> <span class='ocrx_word' id='word_1_147' title='bbox 739 2969 871 3036; x_wconf 84' lang='lat' dir='ltr'>eomitis</span> <span class='ocrx_word' id='word_1_148' title='bbox 893 2968 935 3033; x_wconf 89' lang='lat' dir='ltr'>de</span> <span class='ocrx_word' id='word_1_149' title='bbox 957 2968 1110 3045; x_wconf 83' lang='lat' dir='ltr'>Asselles,</span> <span class='ocrx_word' id='word_1_150' title='bbox 1133 2968 1191 3053; x_wconf 93' lang='lat' dir='ltr'>qui</span> <span class='ocrx_word' id='word_1_151' title='bbox 1223 2968 1348 3033; x_wconf 84' lang='lat' dir='ltr'>habent</span> <span class='ocrx_word' id='word_1_152' title='bbox 1379 2940 1574 3034; x_wconf 72' lang='lat' dir='ltr'>terrae²³⁶⁷&#39;</span> 
     </span>
    </p>
   </div>
   <div class='ocr_carea' id='block_1_5' title="bbox 430 3068 1488 4165">
    <p class='ocr_par' dir='ltr' id='par_1_7' title="bbox 430 3068 1488 3867">
     <span class='ocr_line' id='line_1_22' title="bbox 432 3068 1486 3157; baseline 0 -22"><span class='ocrx_word' id='word_1_153' title='bbox 432 3075 467 3135; x_wconf 85' lang='lat' dir='ltr'>et</span> <span class='ocrx_word' id='word_1_154' title='bbox 489 3076 680 3137; x_wconf 89' lang='lat' dir='ltr'>tenementa</span> <span class='ocrx_word' id='word_1_155' title='bbox 701 3070 792 3136; x_wconf 80' lang='lat' dir='ltr'>infra</span> <span class='ocrx_word' id='word_1_156' title='bbox 821 3075 928 3136; x_wconf 76' lang='lat' dir='ltr'>terras</span> <span class='ocrx_word' id='word_1_157' title='bbox 959 3070 1047 3157; x_wconf 83' lang='lat' dir='ltr'>regis</span> <span class='ocrx_word' id='word_1_158' title='bbox 1068 3068 1209 3156; x_wconf 74' lang='lat' dir='ltr'>anglia,</span> <span class='ocrx_word' id='word_1_159' title='bbox 1231 3070 1398 3135; x_wconf 84' lang='lat' dir='ltr'>retineant</span> <span class='ocrx_word' id='word_1_160' title='bbox 1419 3091 1486 3135; x_wconf 85' lang='lat' dir='ltr'>eae-</span> 
     </span>
     <span class='ocr_line' id='line_1_23' title="bbox 431 3170 1488 3257; baseline 0.001 -21"><span class='ocrx_word' id='word_1_161' title='bbox 431 3173 508 3238; x_wconf 90' lang='lat' dir='ltr'>dem</span> <span class='ocrx_word' id='word_1_162' title='bbox 530 3178 637 3239; x_wconf 85' lang='lat' dir='ltr'>terras</span> <span class='ocrx_word' id='word_1_163' title='bbox 658 3178 694 3239; x_wconf 88' lang='lat' dir='ltr'>et</span> <span class='ocrx_word' id='word_1_164' title='bbox 715 3176 906 3239; x_wconf 85' lang='lat' dir='ltr'>tenementa</span> <span class='ocrx_word' id='word_1_165' title='bbox 919 3178 954 3237; x_wconf 88' lang='lat' dir='ltr'>et</span> <span class='ocrx_word' id='word_1_166' title='bbox 969 3170 1188 3257; x_wconf 88' lang='lat' dir='ltr'>possessiones</span> <span class='ocrx_word' id='word_1_167' title='bbox 1204 3170 1303 3236; x_wconf 83' lang='lat' dir='ltr'>feoda</span> <span class='ocrx_word' id='word_1_168' title='bbox 1325 3175 1359 3236; x_wconf 91' lang='lat' dir='ltr'>et</span> <span class='ocrx_word' id='word_1_169' title='bbox 1381 3170 1488 3237; x_wconf 78' lang='lat' dir='ltr'>officia</span> 
     </span>
     <span class='ocr_line' id='line_1_24' title="bbox 432 3273 1487 3361; baseline 0 -22"><span class='ocrx_word' id='word_1_170' title='bbox 432 3275 555 3341; x_wconf 88' lang='lat' dir='ltr'>sieuti¹</span> <span class='ocrx_word' id='word_1_171' title='bbox 577 3275 765 3341; x_wconf 85' lang='lat' dir='ltr'>habuerant</span> <span class='ocrx_word' id='word_1_172' title='bbox 787 3274 823 3339; x_wconf 94' lang='lat' dir='ltr'>in</span> <span class='ocrx_word' id='word_1_173' title='bbox 838 3295 898 3340; x_wconf 91' lang='lat' dir='ltr'>suo</span> <span class='ocrx_word' id='word_1_174' title='bbox 921 3294 1051 3339; x_wconf 75' lang='lat' dir='ltr'>recessu</span> <span class='ocrx_word' id='word_1_175' title='bbox 1066 3277 1143 3361; x_wconf 85' lang='lat' dir='ltr'>post</span> <span class='ocrx_word' id='word_1_176' title='bbox 1164 3273 1360 3359; x_wconf 84' lang='lat' dir='ltr'>praedietum</span> <span class='ocrx_word' id='word_1_177' title='bbox 1375 3273 1487 3339; x_wconf 86' lang='lat' dir='ltr'>homa-</span> 
     </span>
     <span class='ocr_line' id='line_1_25' title="bbox 431 3374 1486 3466; baseline -0.003 -24"><span class='ocrx_word' id='word_1_178' title='bbox 431 3377 525 3466; x_wconf 86' lang='lat' dir='ltr'>gium</span> <span class='ocrx_word' id='word_1_179' title='bbox 557 3376 685 3443; x_wconf 85' lang='lat' dir='ltr'>faetum</span> <span class='ocrx_word' id='word_1_180' title='bbox 716 3376 807 3463; x_wconf 83' lang='lat' dir='ltr'>apud</span> <span class='ocrx_word' id='word_1_181' title='bbox 844 3376 979 3441; x_wconf 89' lang='lat' dir='ltr'>Novum</span> <span class='ocrx_word' id='word_1_182' title='bbox 1017 3374 1172 3441; x_wconf 82' lang='lat' dir='ltr'>Castrum</span> <span class='ocrx_word' id='word_1_183' title='bbox 1210 3396 1310 3462; x_wconf 87' lang='lat' dir='ltr'>super</span> <span class='ocrx_word' id='word_1_184' title='bbox 1346 3374 1486 3461; x_wconf 84' lang='lat' dir='ltr'>Tynam,</span> 
     </span>
     <span class='ocr_line' id='line_1_26' title="bbox 431 3477 1486 3566; baseline -0.003 -22"><span class='ocrx_word' id='word_1_185' title='bbox 431 3484 555 3566; x_wconf 82' lang='lat' dir='ltr'>praeter</span> <span class='ocrx_word' id='word_1_186' title='bbox 576 3500 632 3545; x_wconf 87' lang='lat' dir='ltr'>eos</span> <span class='ocrx_word' id='word_1_187' title='bbox 654 3480 712 3565; x_wconf 92' lang='lat' dir='ltr'>qui</span> <span class='ocrx_word' id='word_1_188' title='bbox 744 3479 954 3564; x_wconf 80' lang='lat' dir='ltr'>excipientur</span> <span class='ocrx_word' id='word_1_189' title='bbox 975 3477 1017 3541; x_wconf 88' lang='lat' dir='ltr'>de</span> <span class='ocrx_word' id='word_1_190' title='bbox 1048 3477 1217 3543; x_wconf 82' lang='lat' dir='ltr'>communi</span> <span class='ocrx_word' id='word_1_191' title='bbox 1249 3498 1395 3543; x_wconf 87' lang='lat' dir='ltr'>assensu.</span> <span class='ocrx_word' id='word_1_192' title='bbox 1442 3477 1486 3542; x_wconf 87' lang='lat' dir='ltr'>Et</span> 
     </span>
     <span class='ocr_line' id='line_1_27' title="bbox 431 3578 1485 3666; baseline -0.002 -22"><span class='ocrx_word' id='word_1_193' title='bbox 431 3580 519 3665; x_wconf 88' lang='lat' dir='ltr'>quod</span> <span class='ocrx_word' id='word_1_194' title='bbox 541 3601 655 3645; x_wconf 86' lang='lat' dir='ltr'>omues</span> <span class='ocrx_word' id='word_1_195' title='bbox 678 3579 828 3666; x_wconf 85' lang='lat' dir='ltr'>praedieti</span> <span class='ocrx_word' id='word_1_196' title='bbox 850 3580 879 3645; x_wconf 90' lang='lat' dir='ltr'>si</span> <span class='ocrx_word' id='word_1_197' title='bbox 901 3579 971 3645; x_wconf 87' lang='lat' dir='ltr'>sint</span> <span class='ocrx_word' id='word_1_198' title='bbox 1004 3578 1041 3643; x_wconf 92' lang='lat' dir='ltr'>in</span> <span class='ocrx_word' id='word_1_199' title='bbox 1072 3578 1196 3665; x_wconf 84' lang='lat' dir='ltr'>plaeito</span> <span class='ocrx_word' id='word_1_200' title='bbox 1219 3578 1390 3645; x_wconf 89' lang='lat' dir='ltr'>attemtati</span> <span class='ocrx_word' id='word_1_201' title='bbox 1412 3598 1485 3664; x_wconf 88' lang='lat' dir='ltr'>pos·</span> 
     </span>
     <span class='ocr_line' id='line_1_28' title="bbox 430 3678 1484 3766; baseline 0 -21"><span class='ocrx_word' id='word_1_202' title='bbox 430 3681 499 3745; x_wconf 88' lang='lat' dir='ltr'>sint</span> <span class='ocrx_word' id='word_1_203' title='bbox 519 3678 642 3746; x_wconf 79' lang='lat' dir='ltr'>habere</span> <span class='ocrx_word' id='word_1_204' title='bbox 664 3701 759 3745; x_wconf 86' lang='lat' dir='ltr'>suam</span> <span class='ocrx_word' id='word_1_205' title='bbox 781 3678 1007 3747; x_wconf 74' lang='lat' dir='ltr'>defensionem</span> <span class='ocrx_word' id='word_1_206' title='bbox 1030 3680 1066 3744; x_wconf 90' lang='lat' dir='ltr'>in</span> <span class='ocrx_word' id='word_1_207' title='bbox 1089 3679 1238 3766; x_wconf 86' lang='lat' dir='ltr'>qualibet</span> <span class='ocrx_word' id='word_1_208' title='bbox 1256 3681 1349 3747; x_wconf 83' lang='lat' dir='ltr'>curia</span> <span class='ocrx_word' id='word_1_209' title='bbox 1370 3701 1484 3747; x_wconf 86' lang='lat' dir='ltr'>seeun-</span> 
     </span>
     <span class='ocr_line' id='line_1_29' title="bbox 430 3781 617 3867; baseline 0.005 -21"><span class='ocrx_word' id='word_1_210' title='bbox 430 3782 511 3847; x_wconf 92' lang='lat' dir='ltr'>dum</span> <span class='ocrx_word' id='word_1_211' title='bbox 528 3781 617 3867; x_wconf 81' lang='lat' dir='ltr'>jura</span> 
     </span>
    </p>

    <p class='ocr_par' dir='ltr' id='par_1_8' title="bbox 430 3872 1487 4165">
     <span class='ocr_line' id='line_1_30' title="bbox 477 3872 1486 3971; baseline 0.002 -22"><span class='ocrx_word' id='word_1_212' title='bbox 477 3883 648 3964; x_wconf 83' lang='lat' dir='ltr'>Quantum</span> <span class='ocrx_word' id='word_1_213' title='bbox 669 3883 713 3949; x_wconf 86' lang='lat' dir='ltr'>ad</span> <span class='ocrx_word' id='word_1_214' title='bbox 735 3884 921 3949; x_wconf 85' lang='lat' dir='ltr'>manerium</span> <span class='ocrx_word' id='word_1_215' title='bbox 945 3904 1042 3949; x_wconf 90' lang='lat' dir='ltr'>suum</span> <span class='ocrx_word' id='word_1_216' title='bbox 1059 3884 1232 3949; x_wconf 87' lang='lat' dir='ltr'>vadiatum</span> <span class='ocrx_word' id='word_1_217' title='bbox 1257 3906 1317 3971; x_wconf 89' lang='lat' dir='ltr'>pro</span> <span class='ocrx_word' id='word_1_218' title='bbox 1332 3904 1376 3951; x_wconf 84' lang='lat' dir='ltr'>ee.</span> <span class='ocrx_word' id='word_1_219' title='bbox 1393 3872 1486 3951; x_wconf 75' lang='lat' dir='ltr'>libi-is</span> 
     </span>
     <span class='ocr_line' id='line_1_31' title="bbox 430 3986 1486 4074; baseline 0 -22"><span class='ocrx_word' id='word_1_220' title='bbox 430 4007 498 4074; x_wconf 85' lang='lat' dir='ltr'>qua</span> <span class='ocrx_word' id='word_1_221' title='bbox 520 3988 603 4053; x_wconf 86' lang='lat' dir='ltr'>hora</span> <span class='ocrx_word' id='word_1_222' title='bbox 623 4007 732 4053; x_wconf 86' lang='lat' dir='ltr'>eomes</span> <span class='ocrx_word' id='word_1_223' title='bbox 748 3986 883 4052; x_wconf 80' lang='lat' dir='ltr'>Atheles</span> <span class='ocrx_word' id='word_1_224' title='bbox 906 3986 1022 4051; x_wconf 85' lang='lat' dir='ltr'>veniat</span> <span class='ocrx_word' id='word_1_225' title='bbox 1044 3990 1121 4073; x_wconf 91' lang='lat' dir='ltr'>post</span> <span class='ocrx_word' id='word_1_226' title='bbox 1142 3987 1255 4051; x_wconf 84' lang='lat' dir='ltr'>datam</span> <span class='ocrx_word' id='word_1_227' title='bbox 1271 3987 1486 4073; x_wconf 81' lang='lat' dir='ltr'>praesentium</span> 
     </span>
     <span class='ocr_line' id='line_1_32' title="bbox 431 4086 1487 4165; baseline 0 -10"><span class='ocrx_word' id='word_1_228' title='bbox 431 4093 468 4155; x_wconf 89' lang='lat' dir='ltr'>et</span> <span class='ocrx_word' id='word_1_229' title='bbox 488 4089 598 4157; x_wconf 84' lang='lat' dir='ltr'>faeere</span> <span class='ocrx_word' id='word_1_230' title='bbox 623 4086 790 4155; x_wconf 73' lang='lat' dir='ltr'>voluerit¹</span> <span class='ocrx_word' id='word_1_231' title='bbox 811 4088 1019 4165; x_wconf 90' lang='lat' dir='ltr'>solutionem,</span> <span class='ocrx_word' id='word_1_232' title='bbox 1041 4110 1100 4153; x_wconf 87' lang='lat' dir='ltr'>rex</span> <span class='ocrx_word' id='word_1_233' title='bbox 1132 4087 1233 4155; x_wconf 84' lang='lat' dir='ltr'>faeiat</span> <span class='ocrx_word' id='word_1_234' title='bbox 1266 4109 1341 4154; x_wconf 87' lang='lat' dir='ltr'>eum</span> <span class='ocrx_word' id='word_1_235' title='bbox 1364 4088 1487 4155; x_wconf 82' lang='lat' dir='ltr'>habere</span> 
     </span>
    </p>
   </div>
   <div class='ocr_carea' id='block_1_6' title="bbox 432 4191 1487 4481">
    <p class='ocr_par' dir='ltr' id='par_1_9' title="bbox 432 4191 1487 4481">
     <span class='ocr_line' id='line_1_33' title="bbox 432 4191 747 4258; baseline 0 -1"><span class='ocrx_word' id='word_1_236' title='bbox 432 4191 618 4258; x_wconf 84' lang='lat' dir='ltr'>manerium</span> <span class='ocrx_word' id='word_1_237' title='bbox 640 4212 747 4258; x_wconf 87' lang='lat' dir='ltr'>suum.</span> 
     </span>
     <span class='ocr_line' id='line_1_34' title="bbox 477 4290 1486 4379; baseline -0.003 -20"><span class='ocrx_word' id='word_1_238' title='bbox 477 4292 526 4359; x_wconf 81' lang='lat' dir='ltr'>Et</span> <span class='ocrx_word' id='word_1_239' title='bbox 559 4293 668 4379; x_wconf 84' lang='lat' dir='ltr'>quoad</span> <span class='ocrx_word' id='word_1_240' title='bbox 701 4293 873 4359; x_wconf 81' lang='lat' dir='ltr'>castellum</span> <span class='ocrx_word' id='word_1_241' title='bbox 911 4297 946 4359; x_wconf 86' lang='lat' dir='ltr'>et</span> <span class='ocrx_word' id='word_1_242' title='bbox 978 4297 1085 4359; x_wconf 76' lang='lat' dir='ltr'>terras</span> <span class='ocrx_word' id='word_1_243' title='bbox 1116 4292 1158 4357; x_wconf 91' lang='lat' dir='ltr'>da</span> <span class='ocrx_word' id='word_1_244' title='bbox 1196 4290 1377 4357; x_wconf 78' lang='lat' dir='ltr'>Chilkham</span> <span class='ocrx_word' id='word_1_245' title='bbox 1410 4312 1486 4359; x_wconf 85' lang='lat' dir='ltr'>eon·</span> 
     </span>
     <span class='ocr_line' id='line_1_35' title="bbox 432 4390 1487 4481; baseline -0.001 -21"><span class='ocrx_word' id='word_1_246' title='bbox 432 4394 605 4461; x_wconf 82' lang='lat' dir='ltr'>eordatum</span> <span class='ocrx_word' id='word_1_247' title='bbox 627 4399 687 4472; x_wconf 85' lang='lat' dir='ltr'>est,</span> <span class='ocrx_word' id='word_1_248' title='bbox 709 4394 798 4480; x_wconf 91' lang='lat' dir='ltr'>quod</span> <span class='ocrx_word' id='word_1_249' title='bbox 820 4394 909 4459; x_wconf 91' lang='lat' dir='ltr'>idem</span> <span class='ocrx_word' id='word_1_250' title='bbox 932 4414 1039 4460; x_wconf 84' lang='lat' dir='ltr'>eomes</span> <span class='ocrx_word' id='word_1_251' title='bbox 1071 4394 1106 4457; x_wconf 91' lang='lat' dir='ltr'>in</span> <span class='ocrx_word' id='word_1_252' title='bbox 1137 4392 1251 4459; x_wconf 83' lang='lat' dir='ltr'>eodem</span> <span class='ocrx_word' id='word_1_253' title='bbox 1283 4390 1407 4481; x_wconf 78' lang='lat' dir='ltr'>puncto</span> <span class='ocrx_word' id='word_1_254' title='bbox 1441 4394 1487 4459; x_wconf 91' lang='lat' dir='ltr'>sit</span> 
     </span>
    </p>
   </div>
   <div class='ocr_carea' id='block_1_7' title="bbox 466 4670 1452 4741">
    <p class='ocr_par' dir='ltr' id='par_1_10' title="bbox 466 4670 1452 4741">
     <span class='ocr_line' id='line_1_36' title="bbox 466 4670 1452 4741; baseline -0.001 -16"><span class='ocrx_word' id='word_1_255' title='bbox 466 4673 474 4706; x_wconf 92' lang='lat'><strong>¹</strong></span> <span class='ocrx_word' id='word_1_256' title='bbox 491 4673 577 4737; x_wconf 64' lang='lat' dir='ltr'>menti,</span> <span class='ocrx_word' id='word_1_257' title='bbox 587 4676 640 4735; x_wconf 49' lang='lat' dir='ltr'>As</span> <span class='ocrx_word' id='word_1_258' title='bbox 656 4674 744 4729; x_wconf 72' lang='lat' dir='ltr'>urnii.</span> <span class='ocrx_word' id='word_1_259' title='bbox 755 4672 815 4726; x_wconf 80' lang='lat' dir='ltr'>MS.</span> <span class='ocrx_word' id='word_1_260' title='bbox 946 4670 953 4741; x_wconf 87' lang='grc' dir='ltr'>Ι</span> <span class='ocrx_word' id='word_1_261' title='bbox 1015 4671 1026 4704; x_wconf 82' lang='lat'><strong>¹</strong></span> <span class='ocrx_word' id='word_1_262' title='bbox 1043 4670 1164 4738; x_wconf 73' lang='lat' dir='ltr'>voluerit]</span> <span class='ocrx_word' id='word_1_263' title='bbox 1179 4670 1250 4727; x_wconf 73' lang='lat' dir='ltr'>,dem</span> <span class='ocrx_word' id='word_1_264' title='bbox 1261 4672 1313 4733; x_wconf 79' lang='lat' dir='ltr'>A.;</span> <span class='ocrx_word' id='word_1_265' title='bbox 1329 4686 1379 4724; x_wconf 88' lang='lat' dir='ltr'>om.</span> <span class='ocrx_word' id='word_1_266' title='bbox 1391 4672 1452 4725; x_wconf 80' lang='lat' dir='ltr'>MS.</span> 
     </span>
    </p>
   </div>
   <div class='ocr_carea' id='block_1_8' title="bbox 0 0 1818 5784">
    <p class='ocr_par' dir='ltr' id='par_1_11' title="bbox 0 0 1818 5784">
     <span class='ocr_line' id='line_1_37' title="bbox 0 0 1818 5784; baseline 0 0"><span class='ocrx_word' id='word_1_267' title='bbox 0 0 1818 5784; x_wconf 95' lang='lat' dir='ltr'> </span> 
     </span>
    </p>
   </div>
  </div>
 </body>
</html>
