3625 5784
613 889 882 940 carcasrnnusrs
906 889 1116 940 cnaourcou.
1354 877 1395 938 25

345 1076 564 1164 erumpebant
601 1076 753 1154 lacrimae,
791 1097 851 1142 nec
889 1099 924 1142 se
968 1082 1101 1164 poterat
1135 1099 1156 1141 a
1202 1078 1285 1144 fletu
1322 1097 1399 1143 con·
1415 1077 1571 1195 shedneuor

343 1178 458 1244 tinere.
506 1179 591 1246 Cum
626 1178 766 1244 vidisset
799 1178 979 1265 palmarius
1002 1201 1112 1266 rogem
1143 1180 1192 1246 sic
1223 1151 1422 1246 heriman-¹
1441 1147 1571 1210 sperner.

344 1285 412 1346 tem
446 1279 589 1346 multum
624 1280 733 1346 doluit
763 1303 862 1368 super
891 1304 932 1347 eo
961 1286 997 1346 et
1019 1302 1207 1366 compassus
1230 1287 1282 1346 cet
1304 1281 1344 1359 ei,
1366 1287 1402 1348 et

345 1382 441 1460 dixit,
475 1383 650 1449 “Domine
684 1405 753 1464 rex,
788 1403 830 1448 ne
864 1384 1002 1470 ploretis
1035 1405 1095 1470 pro
1129 1384 1191 1450 deo
1214 1385 1294 1469 quia
1323 1383 1402 1448 tulis

345 1492 364 1520 ‘⁴
386 1483 484 1551 fietus
506 1507 618 1574 regem
643 1506 712 1551 non
742 1485 845 1567 decet,
870 1507 931 1572 ego
954 1506 1013 1572 pro
1036 1506 1146 1552 amore
1168 1485 1250 1552 Jesu
1274 1485 1400 1552 Christi

346 1595 362 1624 “
386 1592 420 1652 et
451 1588 567 1655 matris
599 1587 669 1674 ejus
700 1587 814 1654 Mariae
849 1595 950 1674 etque
983 1588 1107 1655 honore
1136 1611 1236 1656 sacrae
1259 1589 1402 1655 ecclesiae

346 1697 365 1727 “
387 1689 442 1755 dei
479 1694 514 1755 et
551 1710 611 1776 pro
649 1690 763 1756 anima
793 1689 944 1776 Gydonis
974 1696 1008 1757 et
1044 1690 1196 1756 Herandi
1231 1691 1311 1756 socii
1350 1691 1402 1756 sui

348 1791 563 1878 “suscipiam
601 1792 774 1880 negocium
812 1793 1012 1871 certaminis,
1053 1792 1152 1858 deum
1191 1815 1260 1879 prae
1297 1791 1401 1858 oculis
1417 1802 1458 1852 He
1471 1803 1565 1854 under-

347 1903 364 1928 “
386 1895 607 1981 praeponens.'’
654 1895 746 1960 Tunc
779 1894 950 1961 duxerunt
979 1917 1055 1960 eum
1089 1896 1126 1960 in
1156 1896 1329 1961 civitatem
1360 1895 1404 1960 ad
1417 1869 1544 1988 {ssw

346 1997 515 2064 ecclesiam
537 2003 572 2064 ct
594 1997 719 2084 pulsari
742 1997 891 2064 fecerunt
912 2003 946 2064 et
968 2019 1047 2064 voce
1066 1999 1211 2084 jocunda
1235 1997 1277 2063 Tc
1299 1997 1404 2064 deusne

348 2097 535 2166 lortdcmce
573 2119 724 2166 resonare
762 2105 942 2186 coeperunt.
988 2099 1117 2166 Deinde
1147 2101 1213 2165 cibi
1251 2106 1286 2165 et
1322 2106 1405 2187 potu

346 2202 456 2289 ipsum
489 2203 628 2270 recreari
661 2203 819 2279 fecerunt,
850 2203 1043 2288 balneisque
1073 2203 1309 2282 refocillabant,
1332 2225 1405 2270 ves-

347 2305 436 2371 tibus
470 2305 674 2372 mollioribus
708 2305 901 2384 induebant,
937 2327 1076 2390 eumque
1109 2327 1169 2393 per
1203 2311 1271 2372 tres
1303 2307 1404 2393 septi·

347 2427 461 2473 manae
493 2407 531 2471 in
562 2427 691 2474 summa
724 2408 925 2472 recreatione
954 2407 1123 2473 fovebant
1170 2408 1311 2475 Etcum
1334 2409 1404 2474 dies

347 2514 494 2574 statutus
517 2508 560 2573 ad
590 2506 757 2574 luctamen
787 2509 978 2586 advenerat,
1001 2510 1071 2595 ipse
1102 2509 1283 2597 palmerius
1305 2509 1404 2576 valde

348 2632 445 2678 mane
468 2611 614 2677 surrexit
629 2616 663 2676 et
677 2616 745 2677 tres
769 2612 885 2678 missas
903 2612 1045 2689 audivit,
1061 2613 1203 2699 primam
1226 2613 1266 2679 de
1290 2619 1404 2681 sancto
1418 2619 1474 2672 ube
1485 2621 1536 2686 day
1547 2617 1578 2672 of

349 2713 487 2800 Spiritu,
510 2713 688 2780 secundam
712 2713 752 2788 de
776 2713 950 2792 Trinitate,
973 2720 1009 2779 et
1042 2715 1179 2781 terciam
1213 2716 1254 2780 de
1290 2715 1403 2794 Cruce,
1417 2688 1534 2805 2⁰:⁰¹¹·

350 2815 479 2882 Deinde
509 2815 591 2882 fecit
626 2837 660 2881 se
687 2816 808 2881 armari
831 2816 873 2882 de
896 2816 1088 2882 melioribus
1109 2818 1287 2883 armaturis
1309 2819 1404 2904 regis,

350 2923 384 2983 et
420 2917 529 2984 cinxit
565 2939 599 2982 se
637 2917 748 3004 gladio
787 2916 1010 2996 Constantini,
1048 2918 1261 3005 lanceamque
1299 2921 1405 2986 sancti

350 3019 503 3086 Mauricii
526 3019 562 3082 in
584 3039 685 3085 manu
709 3018 789 3085 tulit
816 3019 976 3086 scandens
1006 3020 1174 3088 meliorem
1198 3020 1405 3087 dextrarium

350 3122 443 3208 regis.
490 3120 640 3207 Cumque
655 3122 703 3188 sic
717 3127 864 3187 armatus
886 3121 1004 3187 fuisset
1026 3122 1279 3209 sonipedemque
1296 3144 1406 3190 ascen·
1420 3141 1570 3209 ermingus

351 3224 461 3302 disset,
494 3224 651 3290 dixerunt
684 3245 719 3288 se
752 3245 924 3310 nunquam
957 3231 1027 3291 tam
1061 3224 1232 3292 decentem
1264 3227 1406 3294 militem
1420 3209 1576 3275 thepalmer.

351 3325 501 3412 pulcrum
524 3331 559 3392 et
580 3331 753 3392 strenuum
777 3332 993 3412 apparentem
1018 3332 1213 3415 statutaque
1235 3351 1406 3416 procerum

352 3429 483 3496 vidisse.
528 3429 638 3516 Igitur
661 3429 842 3517 palmarius
858 3429 905 3496 sie
928 3436 1078 3497 armatus
1094 3433 1241 3498 tetendit
1262 3433 1327 3499 iter
1348 3456 1408 3522 per

351 3531 496 3598 medium
534 3531 682 3598 civitatis
721 3552 854 3597 versum
891 3532 1000 3598 locum
1038 3535 1228 3600 certaminis
1265 3535 1302 3599 in
1338 3557 1408 3602 una

351 3633 437 3700 valle
467 3635 673 3722 assignatum
695 3633 856 3701 vocabulo
886 3633 1126 3715 Chilteeumba,
1150 3642 1185 3703 et
1214 3637 1262 3702 ibi
1289 3626 1407 3725 expec-

352 3738 446 3803 tabat
484 3737 730 3804 Colibrendum.
781 3736 1002 3804 Oolibrendus
1039 3739 1105 3805 fuit
1142 3741 1190 3807 sic
1228 3743 1409 3827 ponderose
1422 3753 1539 3820 eppenr-

351 3847 499 3908 annatus
522 3840 609 3927 quod
632 3841 691 3905 vix
716 3839 860 3926 [sonipes
884 3842 955 3927 ejus
979 3841 1125 3928 ipsum]¹
1140 3843 1276 3908 sufferre
1298 3848 1409 3930 posset
1422 3819 1527 3874 ’Μ

352 3949 527 4011 armatum.
585 3943 630 4008 Et
663 3941 742 4009 fecit
773 3943 969 4009 antecedere
1002 3965 1037 4009 se
1070 3944 1115 4010 ed
1147 3943 1256 4011 locum
1287 3966 1409 4034 pugnae
1423 3887 1570 3941 0011me

352 4069 453 4112 unam
476 4050 638 4113 carectum
655 4049 809 4111 onustam
828 4044 869 4111 de
890 4045 1057 4112 securibus
1080 4045 1216 4112 Danicis
1231 4053 1266 4114 et
1280 4049 1410 4136 magnis

354 4149 480 4214 malleis
502 4148 543 4214 de
567 4147 671 4214 calibe
693 4147 875 4234 quadratis,
899 4154 935 4214 et
956 4169 1093 4236 magnos
1122 4149 1239 4235 gibbos
1261 4152 1303 4216 de
1325 4152 1411 4217 ferro

183 4262 269 4325 τηε.
282 4261 332 4314 eol.
354 4271 429 4316 cum
451 4249 573 4316 lanceis
605 4253 641 4314 ct
672 4249 810 4316 croculis
843 4251 884 4314 de
915 4249 1004 4316 ferro
1037 4251 1082 4316 ed
1114 4251 1314 4317 trahendum
1346 4253 1411 4318 sibi

182 4333 258 4378 ²⁸²⁴·
355 4353 579 4420 adversarium
602 4373 708 4418 suum.
755 4350 840 4418 Cum
863 4353 968 4440 igitur
991 4352 1173 4419 diabolicus
1195 4355 1259 4419 iste
1274 4355 1413 4422 vidisset

356 4453 553 4542 palmarium
571 4445 807 4540 ¹properantem
839 4452 883 4519 ad
913 4476 957 4532 se,
980 4453 1124 4519 altisona
1147 4475 1225 4521 voce
1256 4456 1413 4524 clamavit

390 4733 495 4786 thorn
516 4731 551 4784 Δ.
586 4729 618 4782 In
640 4731 699 4786 MS.
718 4745 790 4784 some
807 4730 918 4796 illegible
936 4729 1120 4786 stokes-heve
1137 4735 1203 4788 been
1223 4745 1269 4802 put
1294 4739 1323 4791 in
1342 4741 1378 4808 by
1396 4758 1414 4794 a

358 4815 420 4866 later
431 4815 509 4865 hand.
