3625 5784
428 841 472 902 80
777 857 924 908 narrum
948 857 1129 908 mnsnrorr

414 1033 546 1106 'noxius
565 1041 609 1106 ad
624 1042 788 1108 ecclesiam
813 1044 895 1128 pro¹
919 1043 1005 1130 fugae
1028 1064 1127 1110 causa
1151 1043 1343 1129 confugerit,
1360 1041 1480 1108 extra²

426 1142 548 1206 atrium
571 1141 681 1227 quod³
703 1143 843 1210 ecclesiae
865 1144 1063 1230 pertinuerit
1085 1167 1103 1209 a
1134 1145 1264 1210 nemine
1284 1145 1478 1231 insequente

425 1243 591 1310 ullatenus
613 1245 880 1332 apprehendatur
900 1245 966 1310 nisi
989 1269 1046 1332 per
1079 1245 1267 1333 pontificem
1290 1246 1341 1311 vel
1365 1247 1477 1311 minis-

424 1352 493 1412 tros
515 1347 594 1432 ejus
640 1346 677 1412 Si
698 1347 858 1434 fugiendo
880 1347 1015 1412 domum
1047 1348 1224 1414 sacerdotis
1259 1346 1314 1412 vel
1349 1349 1474 1414 curiam

424 1448 497 1533 ejus
525 1449 710 1527 intraverit,
733 1448 872 1515 eandem
904 1449 1114 1516 securitatem
1146 1455 1181 1514 et
1212 1471 1325 1536 paoem
1357 1448 1478 1516 habeat

424 1572 524 1636 quam
546 1552 636 1637 apud
658 1551 835 1630 ecclesiam,
858 1551 940 1617 dum
963 1556 1076 1617 tamen
1098 1552 1216 1618 domus
1243 1552 1421 1618 sacerdotis
1444 1557 1479 1616 et

257 1637 406 1754 ggffiu·
423 1652 515 1717 curia
537 1652 573 1716 in
596 1652 699 1717 fundo
730 1652 876 1719 ecclesiae
910 1654 1101 1719 consistant.
1147 1652 1213 1718 Hic
1244 1654 1272 1716 si
1304 1653 1390 1720 latro
1424 1652 1479 1716 vel

257 1786 405 1835 compensa-
423 1761 536 1840 raptor
558 1761 615 1833 est,
639 1755 726 1840 quod
749 1756 834 1821 male
858 1755 947 1841 cepit
973 1756 1002 1820 si
1033 1755 1076 1820 ad
1099 1776 1234 1821 manum
1267 1763 1317 1820 est
1350 1755 1476 1833 reddat,

256 1836 371 1966 ἓζζζὲζζ
423 1862 458 1921 st
481 1857 509 1920 si
532 1856 615 1921 illud
638 1858 771 1943 penitus
794 1856 1032 1944 exstirpaverit
1054 1857 1144 1922 etde
1160 1878 1219 1922 suo
1241 1858 1373 1944 proprio
1389 1858 1477 1924 unde

423 1958 542 2024 reddat
563 1959 725 2037 habuerit,
748 1960 784 2024 in
816 1961 983 2046 integrum
1006 1959 1112 2025 sicui
1145 1960 1324 2044 dampnum
1360 1959 1477 2026 intulit

257 2057 412 2108 0fh⁸b¹l¹¹⁸¹
423 2063 586 2128 restituat
633 2061 729 2141 Quod
752 2063 781 2126 si
803 2083 894 2128 more
921 2060 1019 2127 solito
1041 2061 1127 2126 latro
1160 2060 1272 2126 taliter
1304 2063 1418 2147 egerit,
1442 2069 1477 2128 ct

142 2161 145 2166 '
257 2124 362 2174 ‘him
423 2163 509 2229 forte
531 2163 672 2231 fortuito
693 2165 737 2230 ad
760 2164 910 2230 ecclesias
933 2165 987 2229 vel
1019 2164 1225 2230 sacerdotum
1257 2163 1374 2228 domus
1412 2164 1571 2292 fre-‘ffir-
1584 2177 1632 2226 col-

424 2271 564 2350 quanter
600 2265 730 2343 evasit‚⁴
761 2265 927 2332 ablatione
965 2265 1121 2332 restituta
1160 2264 1388 2352 provinciam⁶
1425 2265 1475 2330 fo-

425 2367 559 2453 risjuret
604 2387 665 2432 nec
713 2367 826 2433 redeat
838 2391 846 2447 ;
887 2373 922 2432 et
969 2367 998 2432 si
1045 2365 1130 2432 forte
1167 2367 1312 2432 reditum
1351 2367 1476 2445 fecerit,

424 2469 537 2534 nullus
577 2491 652 2534 cum
695 2468 856 2555 hospitari
896 2476 1085 2556 praesumat,
1124 2458 1189 2534 nisi
1227 2490 1248 2534 a
1286 2491 1361 2556 rege
1400 2471 1480 2536 data

425 2571 569 2638 licencia
616 2571 712 2651 Item,
750 2571 778 2636 si
805 2572 881 2656 quis
912 2593 1025 2658 pacem
1064 2571 1207 2639 ecclesiae
1234 2571 1397 2638 violenter
1427 2575 1478 2636 in·

256 2673 293 2724 0l
299 2673 413 2724 almon
425 2671 568 2760 fregerit
605 2673 832 2758 episcoporum
870 2677 922 2736 est
950 2672 1095 2757 justitia.
1156 2672 1252 2752 Quod
1291 2674 1319 2738 si
1357 2693 1479 2740 nocens

254 2740 375 2868 {iiiios
426 2774 625 2840 sententiam
648 2794 761 2839 eorum
787 2772 987 2860 defugiendo
1022 2774 1077 2839 val
1108 2780 1302 2861 arroganter
1335 2781 1480 2841 contem.

255 2872 412 2925 ¹¹¹0⁰¹¹ur⁰¹¹·
425 2876 534 2942 nendo
564 2875 761 2964 despexerit,
785 2872 931 2941 clamor⁶
965 2875 1007 2942 de
1029 2897 1067 2942 eo
1094 2875 1282 2942 deferatur⁷
1305 2877 1347 2942 ad
1371 2899 1479 2964 regem

423 2985 500 3066 post
531 2979 575 3045 xl
598 2979 678 3058 dies,
704 2982 740 3043 et
773 2977 858 3064 regis
888 2977 1024 3062 justitia
1055 2979 1170 3043 mittet
1203 2999 1279 3044 eum
1306 3000 1365 3064 per
1387 2980 1478 3046 vadi-

423 3082 573 3148 monium
600 3087 635 3148 et
658 3080 798 3168 plegeos,
820 3080 850 3144 si
873 3079 993 3145 habere
1015 3079 1148 3165 poterit,
1172 3101 1275 3166 usque
1290 3080 1393 3148 donec
1417 3082 1479 3146 deo

255 3190 400 3242 macren-
423 3185 578 3269 primitus
602 3189 637 3249 et
657 3179 823 3249 ecclesiae⁸
845 3187 960 3267 postea
981 3181 1173 3248 satisfaciat.
1221 3183 1316 3264 Quod
1340 3184 1368 3248 si
1392 3183 1478 3249 infra

256 3259 382 3375 2312&
423 3307 504 3350 xxx.
528 3291 563 3351 et
585 3307 689 3351 unum
714 3285 802 3350 diem
835 3305 893 3350 seu
917 3305 976 3371 per
1007 3285 1128 3350 amicos
1151 3290 1186 3350 et
1217 3291 1311 3350 notos
1335 3306 1393 3351 seu
1420 3307 1479 3372 per

256 3389 324 3466 ator
419 3387 587 3472 justitiam
620 3386 734 3475 [regis]
769 3386 913 3451 inveniri
945 3407 1011 3472 non
1035 3387 1166 3472 poterit,
1202 3386 1368 3474 utlagabit
1400 3409 1474 3452 cum

256 3456 395 3586 ξᾚωθ
423 3509 482 3553 rex
506 3489 606 3555 verbo
629 3490 694 3555 oris
717 3488 791 3569 sui;
822 3489 851 3553 si
878 3491 962 3554 vero
989 3494 1103 3575 postea
1136 3495 1285 3575 repertus
1319 3489 1420 3554 fuerit
1442 3497 1476 3555 et
1532 3505 1536 3515 ·

424 3590 554 3657 tenari⁹
568 3593 681 3678 possit,
696 3593 796 3657 rivus
818 3591 888 3678 regi
911 3591 1077 3666 reddetur,
1100 3591 1155 3657 vel
1177 3598 1280 3679 caput
1302 3593 1372 3679 ejus
1394 3593 1422 3656 ai
1445 3615 1479 3657 se

257 3697 372 3747 Wolves·
424 3691 618 3771 defenderit,
633 3693 787 3779 lupinum
801 3693 993 3780 enim-gerit
1008 3699 1109 3780 caput
1124 3692 1179 3759 a¹⁰
1193 3693 1247 3760 dia
1263 3695 1481 3780 utlagationis

253 3763 390 3893 fflyf'm'
424 3814 512 3872 suas3
544 3793 632 3877 qnod
653 3793 793 3881 Anglice
816 3792 1052 3860 Wolveshed¹¹
1075 3795 1206 3862 dicitur.
1264 3795 1308 3860 Et
1331 3794 1402 3862 haec
1425 3796 1480 3861 lex

424 3897 607 3963 communis
629 3902 663 3961 ct
692 3894 855 3982 generalis
884 3895 961 3962 de¹²
983 3896 1172 3964 hominibus
1196 3897 1294 3963 etde
1329 3897 1481 3964 omnibns

423 3997 583 4084 utlagatis
604 3998 815 4085 approbatur.

457 4224 563 4274 ¹cuusa
570 4223 748 4289 prasiditll.
1010 4220 1178 4286 ldefcrahrr,
1192 4223 1252 4283 W.;
1269 4223 1403 4287 rffsrctur,
1415 4225 1472 4276 ΜΒ.

455 4301 531 4352 'Es
550 4319 598 4367 quo
613 4303 707 4353 maium
726 4302 836 4352 ecclcrioe
853 4307 925 4352 tenu·
1008 4300 1154 4362 ⁸acclcrr'oe,
1173 4301 1240 4351 from
1264 4303 1321 4362 W.;
1339 4305 1403 4368 repi,
1425 4307 1480 4354 Ma.

421 4382 480 4442 erit,
493 4383 533 4431 W.
975 4379 1056 4430 which
1075 4395 1124 4430 can
1147 4379 1239 4446 hardly
1260 4383 1291 4431 he
1315 4380 1358 4433 the
1382 4392 1481 4434 correct

456 4457 467 4490 ⁸
484 4477 532 4524 quo
542 4457 653 4509 ecclesia
664 4457 785 4522 tenuerit,
796 4459 831 4509 Δ.
975 4465 1037 4509 text.

453 4541 464 4572 ⁴
480 4538 597 4596 evaserit,
607 4539 649 4587 W.
1008 4537 1019 4569 ⁹
1037 4538 1132 4604 tenni]
1147 4538 1258 4599 retineri,
1270 4541 1310 4591 W.

454 4615 638 4683 ‘musciani
678 4613 820 4680 forisjuret
871 4630 926 4675 nec,
1010 4615 1028 4646 ¹⁰
1044 4632 1061 4664 a
1074 4652 1080 4665 .
1094 4653 1099 4666 .
1114 4617 1197 4683 .cuoe]
1210 4632 1261 4669 orn.
1273 4620 1314 4668 W.

419 4695 487 4746 from
498 4694 557 4754 W.;
567 4693 686 4757 formet
697 4698 730 4753 et,
741 4693 799 4745 Me.
1009 4693 1027 4726 ¹¹
1052 4693 1252 4760 Wuffcateosod,
1264 4697 1306 4748 W.

453 4769 654 4833 ⁶clcraror,W.;
671 4768 744 4834 clam,
755 4771 810 4822 MS.
1010 4771 1030 4806 ¹²
1047 4772 1281 4842 dehomiaitruat]
1300 4790 1352 4830 orn.
1364 4777 1406 4830 W.
