3625 5784
616 847 888 900 narcnsramsrs
910 847 1121 903 canonicor.
1322 836 1388 903 453

333 1035 455 1114 Primo,
477 1036 566 1123 quod
589 1035 750 1104 fovebant
772 1036 888 1105 Scotos
910 1038 946 1103 in
961 1058 1116 1127 magnam
1139 1037 1385 1127 derogationem

333 1144 369 1205 et
402 1139 544 1205 dedecus
566 1140 654 1227 regis
676 1144 712 1205 et
744 1141 839 1229 regni
862 1140 1003 1229 Angliec,
1027 1145 1062 1206 et
1084 1142 1247 1227 quomodo
1277 1146 1385 1207 exter·

333 1242 522 1307 minaverat
544 1262 655 1330 regem
678 1242 881 1308 Fdwardum
904 1243 1071 1330 quondam
1094 1244 1253 1309 maritum
1279 1265 1387 1321 suum,

333 1349 369 1409 et
391 1348 518 1430 quanta
540 1344 629 1410 mala
651 1364 765 1409 eorum
787 1345 926 1410 oonsilio
948 1350 983 1411 et
1005 1344 1132 1411 anxilio
1147 1345 1388 1412 exercebantur

334 1446 370 1510 in
393 1467 504 1533 regno,
526 1451 718 1531 quantoque
740 1446 829 1511 mala
851 1468 952 1533 opera
982 1468 1096 1513 eorum
1128 1446 1276 1514 lomento
1299 1447 1385 1515 vela·

214 1564 217 1570 ·
333 1548 465 1613 bantur.
513 1547 620 1627 Quam
644 1547 686 1612 ob
709 1568 842 1613 causam
865 1571 926 1615 rex
949 1570 1008 1635 per
1030 1554 1193 1615 secretum
1211 1550 1386 1616 concilium

333 1650 515 1716 amioonrm
537 1671 673 1716 suorum
695 1650 860 1737 disposuit
881 1652 1084 1717 consortium
1111 1672 1224 1717 eorum
1259 1652 1386 1716 abinvi·

333 1773 404 1819 cem
434 1774 616 1841 segregare,
638 1774 680 1818 na
711 1752 858 1818 deterius
891 1752 1046 1839 deinceps
1080 1754 1134 1819 vel
1165 1753 1271 1819 simile
1306 1753 1386 1839 quid

334 1876 447 1921 eorum
470 1854 615 1920 factione
638 1853 692 1920 vel
715 1854 852 1920 oonsilio
874 1855 1072 1941 quandoque
1098 1855 1250 1921 oriretur.
1296 1853 1386 1919 Nam

334 1958 370 2021 in
393 1960 526 2023 tantum
549 1955 796 2021 invalescebant
818 1956 854 2020 in
877 1960 977 2034 terra,
1001 1957 1090 2042 quod
1112 1960 1221 2023 totum
1245 1978 1385 2044 regnum

334 2058 370 2123 in
407 2057 626 2145 periclitando
663 2057 731 2121 labi
768 2056 955 2123 videbatur.
1011 2057 1140 2124 Deinde
1178 2079 1239 2123 rex
1276 2058 1386 2125 tenuit
1399 2074 1507 2127 couneil
1519 2083 1546 2128 11

334 2159 509 2226 concilium
541 2180 638 2224 suum
678 2159 768 2244 apud
800 2158 1020 2247 Notyngham
1055 2160 1090 2223 in
1125 2159 1293 2245 quindena
1324 2160 1385 2224 Mi·
1398 2140 1515 2259 &3¹¹¹ss

334 2261 457 2328 chaelis
478 2282 554 2327 cum
576 2282 661 2348 pene
683 2260 837 2325 omnibus
860 2261 1071 2349 magnatibus
1095 2262 1196 2349 regni.
1245 2260 1286 2325 In
1321 2282 1387 2347 quo

335 2386 395 2429 rex
417 2364 540 2429 saniori
566 2362 704 2429 consilio
732 2362 774 2427 de
797 2384 911 2428 eorum
934 2363 1052 2427 fraude
1083 2368 1118 2427 et
1139 2363 1269 2429 malitia
1303 2363 1387 2429 salu·

335 2466 451 2531 briusl
473 2466 618 2542 edoctus,
640 2465 823 2551 vidensque
859 2464 1043 2551 periculum
1074 2470 1144 2530 tam
1181 2466 1388 2552 praeteritum

165 2584 307 2648 cryacol
337 2589 437 2655 quam
459 2569 495 2633 in
527 2572 696 2655 posterum
714 2565 787 2652 jam
809 2567 845 2631 in
867 2567 1025 2653 praesenti
1047 2587 1107 2653 per
1137 2566 1243 2633 dictos
1266 2566 1388 2632 Isabel-

165 2654 240 2702 ²⁵⁵⁶·
337 2672 404 2736 lam
434 2674 470 2737 et
490 2672 522 2735 le
552 2669 737 2756 Mortymer
766 2669 939 2735 evidenter
968 2668 1144 2733 imminens
1173 2668 1323 2757 graviter
1353 2669 1389 2732 in

337 2774 434 2840 corde
448 2771 626 2839 condolens
648 2772 792 2858 suscepit
805 2792 813 2851 ;
835 2772 946 2857 sicque
962 2771 1016 2835 die
1039 2770 1177 2835 Veneris
1193 2770 1229 2834 in
1244 2769 1390 2835 crastino

335 2878 442 2942 sancti
480 2874 578 2941 Lucae
616 2896 676 2940 rex
713 2896 789 2940 cum
828 2874 933 2939 electa
970 2872 1128 2939 comitiva
1176 2872 1212 2935 in
1251 2871 1389 2937 obscuro

335 2979 442 3044 noctis
475 2976 624 3064 perrexit
660 2997 720 3062 per
749 2975 917 3062 quandam
947 2974 1036 3039 viam
1068 2972 1317 3038 subterraneam
1348 2972 1389 3037 de

336 3080 418 3145 villa
447 3077 709 3167 Notynghamiae
739 3098 844 3163 usque
874 3077 911 3140 in
942 3075 1124 3152 castellum,
1156 3079 1190 3141 et
1222 3074 1315 3140 venit
1346 3074 1388 3137 ad

335 3202 498 3249 eameram
529 3180 646 3245 matris
676 3200 744 3244 sun
777 3177 937 3255 lsabellae,
969 3182 1004 3244 et
1035 3175 1165 3241 invenit
1202 3175 1249 3240 ibi
1287 3196 1390 3262 prope

336 3306 409 3350 eam
439 3284 476 3347 in
505 3282 573 3347 elia
601 3302 731 3347 camera
760 3280 928 3369 Rogermn
962 3278 1003 3344 de
1036 3278 1220 3364 Mortymer
1254 3282 1288 3343 et
1322 3278 1388 3363 epi·

336 3406 472 3473 scopum
493 3383 757 3449 Lincolnienscm
773 3381 965 3447 Henricum.
1012 3380 1056 3445 Et
1078 3380 1193 3445 statim
1209 3401 1269 3445 rex
1287 3378 1390 3465 jussit
1400 3388 1493 3440 Anat
1503 3390 1531 3439 of

337 3488 503 3577 Rogemm
533 3483 747 3573 apprehendi,
777 3488 812 3549 et
833 3484 869 3547 in
891 3503 1040 3547 securam
1070 3481 1254 3547 custodiam
1285 3456 1533 3573 usqueffffi,

336 3589 372 3654 in
409 3588 592 3655 crastinum
629 3586 717 3673 poni.
764 3585 806 3649 In
842 3586 989 3650 crastino
1026 3584 1107 3651 feeit
1144 3583 1484 3670 apprehenderetimer·

337 3713 450 3756 omnes
483 3710 559 3755 suos
589 3688 795 3754 adherentes
825 3708 885 3773 per
922 3692 1028 3753 totam
1065 3686 1180 3775 villam
1217 3684 1391 3772 dispersos.

338 3793 383 3858 Et
404 3792 519 3859 statim
541 3788 657 3855 mieit²
678 3809 793 3854 omnes
816 3787 1013 3863 Londonias,
1036 3787 1191 3855 videlicet
1212 3788 1243 3853 le
1262 3787 1391 3873 Morty·

337 3916 417 3973 mer,
438 3898 473 3959 et
496 3893 579 3958 duos
600 3890 688 3956 filios
717 3890 798 3975 ejus,
820 3889 945 3955 scilicet
968 3888 1158 3953 Galil-idum
1189 3894 1224 3955 et
1246 3888 1391 3954 Edmun·

338 3998 419 4062 dum
456 3995 589 4071 milites,
627 3998 662 4057 et
709 3992 880 4057 dominum
929 3988 1100 4054 Oliverum
1138 3990 1179 4054 de
1228 3989 1391 4077 Byngnm‚

338 4099 510 4164 dominum
560 4094 728 4162 Simonem
766 4094 808 4158 de
852 4090 1022 4156 Bardorde.
1069 4090 1113 4156 Et
1157 4091 1193 4155 in
1239 4090 1391 4176 captione

338 4200 460 4289 Rogeri
481 4199 685 4284 Mortymere
707 4196 833 4261 occisus
855 4198 907 4257 est
929 4190 1082 4256 dominus
1105 4190 1206 4280 Hugo
1221 4190 1262 4256 de
1285 4191 1390 4277 Tryp.

337 4298 491 4392 lington³
511 4301 606 4365 miles
629 4303 664 4366 et
686 4294 884 4363 senescallus
905 4293 1043 4359 familiae
1066 4292 1152 4382 regis
1182 4314 1242 4381 per
1256 4291 1390 4369 ¹dictum

373 4626 544 4681 masania
562 4628 691 4689 natm
709 4623 839 4676 corrected
889 4619 984 4671 inMS.
1001 4618 1086 4669 ithae
1107 4620 1172 4669 been
1192 4616 1302 4671 inserted
1321 4620 1392 4687 byn

340 4709 366 4761 in
378 4708 565 4769 alaterhand3
582 4704 717 4769 1111111111,
728 4704 763 4755 Α.
889 4702 955 4752 later
965 4698 1030 4750 hand
1043 4698 1247 4751 aboveneline.

299 4808 302 4817 ·
371 4787 498 4841 ε11111111
513 4802 548 4841 ou
566 4785 611 4836 the
628 4782 728 4851 margin
744 4781 774 4835 oi
789 4782 840 4841 A.;
924 4782 935 4817 ⁸
956 4781 1133 4849 Triplynetos,
1144 4782 1200 4835 MS.
