3625 5784
652 913 1152 968 acroceraunuscuaouroou.
1395 909 1437 970 53

383 1119 571 1171 tamencum
594 1113 630 1169 de
652 1117 739 1186 rupto
760 1113 869 1169 foedere
891 1131 1078 1171 commonens
1104 1113 1200 1171 minas
1231 1116 1365 1188 precibus
1388 1118 1434 1173 in-

382 1203 587 1270 termiscebat;
611 1202 758 1259 Haraldus
773 1209 875 1260 contra
890 1202 976 1268 dixit,
999 1205 1018 1230 ⁸¹
1032 1204 1301 1276 Praesumptuosum
1316 1211 1435 1278 pactum

384 1295 403 1320 “
426 1311 486 1349 non
509 1310 571 1350 esse
594 1293 778 1358 serrandum,
796 1292 947 1365 potissime
969 1293 1005 1348 de
1027 1294 1123 1350 alieno
1137 1311 1229 1364 regno
1249 1295 1433 1367 promissum,

383 1385 403 1409 “
427 1383 534 1456 absque
556 1382 687 1454 generali
717 1386 835 1438 senatus
867 1383 1004 1451 decreto;
1042 1382 1165 1455 proinde
1198 1385 1321 1439 stultum
1353 1385 1434 1456 jura·

383 1473 402 1500 “
426 1477 559 1528 mentum
593 1471 788 1543 frangendum
820 1473 891 1537 fore,
927 1472 1054 1528 maxime
1087 1472 1270 1529 necessitatis
1303 1479 1434 1547 tempore

383 1563 402 1588 ‘⁸
426 1551 586 1620 coactum.”
631 1561 748 1618 Interea
769 1561 935 1617 Willelmus
959 1562 1120 1618 necessaria
1146 1562 1247 1617 itineri
1269 1571 1364 1635 parat,
1387 1583 1432 1620 as·

381 1669 498 1708 sensum
520 1668 672 1724 procerum
708 1668 827 1706 suorum
857 1655 970 1723 captat,
1007 1652 1136 1707 favorem
1165 1650 1327 1708 Alexandri
1350 1671 1433 1726 papae

382 1759 442 1797 una
462 1759 530 1797 eum
553 1739 660 1796 vexillo
683 1740 740 1796 sibi
762 1740 873 1798 directo
894 1741 1040 1813 impetrat
1086 1739 1189 1798 eausa
1210 1743 1330 1798 motivae
1345 1762 1434 1816 quare

380 1831 546 1887 Willelmus
560 1829 702 1901 Angliam
718 1835 820 1886 contra
834 1829 998 1885 Haraldum
1013 1831 1132 1902 inpetiit
1145 1831 1210 1887 haec
1230 1837 1307 1888 sunt.
1352 1834 1434 1889 Mors

379 1919 495 1977 Alnsdi
516 1919 636 1991 cognati
658 1919 704 1974 sui
726 1919 782 1974 filii
798 1921 911 1975 Emmae
926 1937 979 1992 per
992 1919 1156 1975 Haraldum
1173 1926 1204 1976 et
1217 1926 1331 1994 patrem
1346 1941 1433 1978 suum

380 2015 414 2066 ut
445 2009 645 2082 supradictum
677 2014 722 2064 est
755 2000 930 2080 procurata¹
975 2009 1110 2066 Secunda
1136 2027 1232 2078 eausa,
1256 2012 1432 2084 proscriptio

380 2097 502 2156 Roberti
520 2099 739 2156 Gantnariensis
754 2097 974 2170 archiepiscopi.
1020 2099 1128 2166 Tertia,
1144 2099 1298 2172 promissio
1314 2101 1350 2156 de
1364 2119 1432 2158 suc·

380 2187 508 2245 cessione
530 2189 615 2259 regni
635 2206 687 2261 per
702 2187 877 2244 Eduardum
900 2205 1010 2258 regem,
1026 2187 1052 2243 si
1075 2188 1139 2245 sine
1153 2189 1253 2245 liberis
1268 2189 1430 2258 decederet,

380 2277 436 2334 sibi
450 2279 529 2334 iacta
543 2295 630 2334 causa
645 2276 882 2350 propinquitatis.
916 2278 955 2332 Et
970 2283 1082 2348 quarta,
1096 2277 1297 2350 juramentum
1307 2279 1432 2336 Haraldi

380 2367 417 2424 ad
438 2365 470 2423 id
491 2367 570 2423 idem
601 2367 791 2439 implendum.
839 2365 1080 2423 consultantibus
1108 2367 1208 2440 itaqua
1240 2370 1432 2426 Normanniae

379 2456 546 2529 proceribus
568 2456 733 2512 adinvicem
756 2473 843 2528 super
868 2455 958 2527 hujus
979 2456 1173 2529 expeditionis
1202 2458 1331 2529 negotio,
1356 2459 1432 2514 Wil-

380 2547 485 2602 lelmus
507 2545 585 2602 filius
609 2545 724 2602 Osberti
746 2545 829 2601 ducis
851 2544 964 2618 dapifer
990 2545 1074 2602 ducis
1105 2547 1162 2602 iter
1195 2548 1343 2614 dmauant,
1366 2553 1432 2604 tum

379 2641 499 2708 propter
520 2637 697 2708 paucitatem
728 2634 965 2707 aggredientium
997 2653 1117 2691 suorum
1151 2641 1182 2691 et
1215 2642 1279 2692 tum
1311 2645 1432 2710 propter

379 2725 560 2781 ferocitatem
574 2725 713 2781 hostium.
760 2724 924 2780 Exhilarati
946 2743 981 2780 ex
1003 2726 1059 2781 hoc
1081 2743 1214 2797 proceres
1231 2728 1331 2782 catari
1346 2745 1430 2799 posu·

381 2820 468 2872 erunt
489 2815 577 2870 verba
600 2832 653 2871 sua
675 2815 707 2870 in
723 2831 772 2870 ore
794 2813 874 2870 illius
890 2814 1042 2870 Willelmi.
1087 2815 1144 2870 Ille
1166 2833 1319 2872 varocum
1335 2834 1433 2873 eoram

382 2905 454 2961 duce
475 2905 613 2970 venisset,
636 2902 712 2959 dixit
734 2921 765 2959 se
787 2909 922 2976 paratum
944 2903 1006 2959 fore
1030 2903 1055 2958 si
1078 2904 1178 2959 coetmi
1208 2904 1290 2960 adire
1323 2906 1434 2961 vellent

382 2993 419 3050 ad
440 2993 677 3067 expeditionem
709 3011 763 3050 nec
786 2997 925 3066 poterunt
947 2991 1047 3048 crateri
1069 3009 1130 3064 prta
1160 2993 1271 3065 pudore
1302 3011 1333 3049 se
1368 2995 1434 3050 sub·

381 3085 503 3142 trahere.
562 3082 694 3156 Cumque
718 3081 749 3138 in
781 3087 868 3155 portu
901 3083 995 3138 sancti
1016 3081 1155 3138 Walerici
1187 3082 1247 3137 dux
1269 3083 1435 3139 Willelmne

383 3192 448 3230 oum
471 3171 532 3229 suis
554 3173 725 3228 adversante
748 3177 836 3228 vento
859 3171 973 3227 diutine
995 3171 1170 3238 tardaretur,
1187 3178 1217 3227 et
1239 3171 1276 3228 ob
1298 3173 1354 3228 hoc
1367 3173 1433 3228 vul-

382 3281 437 3334 gus
459 3263 696 3327 murmuraverit,
720 3279 851 3318 asserens
873 3261 1010 3317 insanum
1026 3262 1088 3316 iore
1103 3261 1232 3317 alienum
1248 3262 1342 3318 solum
1358 3264 1434 3319 vello

382 3371 531 3425 usurpare,
570 3351 733 3425 praesertim
766 3352 820 3408 deo
854 3355 956 3406 contra
992 3369 1024 3407 se
1061 3355 1192 3407 certante
1229 3352 1280 3423 qui
1312 3359 1434 3408 ventum

382 3448 488 3516 prater
510 3441 629 3498 solitum
652 3445 715 3497 tam
737 3439 789 3496 diu
820 3446 938 3496 arceret.
990 3441 1073 3497 Tunc
1095 3440 1154 3497 dux
1177 3440 1342 3498 Willelmus
1364 3443 1435 3498 fecit

379 3533 479 3589 statim
504 3548 608 3604 corpus
630 3529 769 3587 Walerioi
792 3531 869 3586 iores
895 3529 1007 3596 efferri,
1030 3536 1062 3586 et
1094 3548 1148 3602 pro
1180 3537 1268 3587 vento
1300 3532 1434 3587 habendo

381 3621 434 3678 snb
457 3620 526 3678 divo
549 3621 628 3694 poni.
674 3621 715 3676 Et
736 3621 836 3676 statim
859 3637 980 3692 prosper
1001 3619 1088 3675 flatus
1110 3619 1229 3676 carbasa
1251 3619 1384 3693 inplevit.

425 3715 469 3780 Et
492 3714 539 3782 sic
563 3713 679 3799 [tercio
706 3711 853 3799 denuo]²
875 3735 987 3778 mense
1009 3735 1031 3778 a
1051 3715 1266 3780 coronatione
1292 3715 1565 3800 Haraldiflsroiu’s

380 3818 559 3906 incipiente
596 3817 632 3880 in
663 3822 786 3882 terram
817 3817 950 3902 Angliae
980 3816 1151 3903 applicuit.
1199 3817 1244 3882 Et
1274 3789 1577 3906 adimple-mg&

377 3927 450 3986 tum
486 3925 537 3984 est
567 3918 656 4005 quod
687 3919 728 3983 de
757 3917 906 3984 Haraldo
935 3918 1191 4004 proverbialiter
1222 3919 1350 3985 dictum
1375 3925 1426 3984 est
1444 3923 1562 3986 proverb,

378 4022 502 4105 “Quod
525 4043 599 4088 cum
623 4025 756 4107 peccato
771 4022 867 4086 venit
889 4042 964 4087 cum
982 4023 1108 4107 pudore
1124 4021 1282 4087 recedet.''
1328 4021 1432 4110 Origo
1443 3991 1593 4122 {iffgofim’

379 4123 678 4211 consanguinitatis
700 4123 798 4189 istius
829 4123 990 4188 Willelmi
1013 4144 1074 4209 pro
1097 4145 1163 4208 quo
1184 4145 1330 4209 praesens
1353 4145 1433 4211 opus
1445 4149 1501 4198 The
1509 4147 1601 4197 author

378 4229 545 4314 arripitur,
568 4227 655 4292 sicut
679 4247 779 4313 supra
803 4225 936 4312 plenius
967 4227 1169 4302 continetur,
1207 4225 1263 4290 hic
1300 4227 1434 4291 brevius
1443 4217 1587 4343 {¹3⁸2ng&

380 4330 524 4397 subtuli
547 4329 842 4414 compendiositate
865 4328 907 4394 de
931 4327 1020 4394 linea
1057 4328 1095 4391 in
1126 4327 1249 4392 lineam
1281 4332 1434 4412 patenter
1444 4346 1485 4396 his
1496 4347 1574 4396 intra

380 4433 461 4500 scire
480 4431 672 4499 volentibus
693 4430 885 4497 deducendo
906 4429 1106 4496 discribitur.
1445 4413 1558 4465 duction.

413 4629 685 4701 immanium
697 4631 775 4684 MSS,
967 4628 1073 4679 'tercio
1089 4628 1180 4689 denso,
1197 4635 1242 4680 not
1263 4627 1289 4678 in
1309 4628 1433 4690 MS.,aud

932 4709 994 4773 only
1005 4708 1088 4759 added
1098 4707 1124 4758 in
1136 4722 1151 4759 a
1161 4709 1226 4760 later
1236 4709 1306 4760 haud
1316 4710 1343 4761 in
1354 4711 1389 4766 Α.
