3625 5784
410 863 475 928 346
753 876 899 926 aarum
922 873 1107 924 nsrosron

846 1103 941 1170 CAP.
965 1105 1042 1170 VII.

271 1317 276 1330 ·
367 1285 427 1355 ,¹
509 1282 694 1348 idens²rex
704 1281 888 1346 Edwardus
898 1285 1028 1346 tantam
1040 1287 1185 1367 stragem
1201 1287 1234 1346 et
1244 1280 1469 1346 confusionem

532 1405 664 1450 suorum
699 1384 735 1447 in
775 1383 945 1459 Vaseonia
980 1383 1229 1468 potentiamque
1268 1381 1469 1448 Francorum

241 1457 354 1566 m?
416 1486 596 1552 belluinam
609 1485 702 1551 misit
715 1485 899 1550 Antonium
916 1485 957 1550 de
972 1485 1066 1549 Beke
1082 1485 1271 1570 episcopum
1282 1483 1470 1549 Dunelmiae

241 1583 376 1697 l'fflhe'
416 1589 459 1653 nd
491 1611 600 1675 regem
624 1587 816 1664 Alemaniae,
840 1586 966 1652 scilieet
994 1607 1083 1650 anno
1105 1586 1221 1672 gratiae
1244 1601 1406 1650 nccxctv.
1430 1591 1471 1650 ut

243 1713 346 1779 ringor
415 1690 523 1756 foedus
554 1690 657 1755 iniret
689 1711 765 1755 oum
803 1709 849 1766 eo,
873 1693 914 1753 ut
952 1687 1075 1752 dieitur
1097 1685 1201 1752 eum³
1238 1687 1285 1751 lx.
1323 1687 1471 1752 millibus
1498 1718 1501 1722 ·

245 1779 384 1844 Germany.
415 1791 508 1857 libris
541 1791 783 1876 sterlingorum,
814 1795 849 1855 et
879 1791 1115 1855 conventiones
1147 1794 1182 1854 et
1204 1795 1301 1874 paeto
1332 1810 1407 1855 eum
1430 1809 1469 1853 eo

245 1869 313 1920 Ml·
329 1873 401 1919 ¹²⁹⁴·
415 1893 500 1968 iniit,
522 1893 610 1978 quod
633 1891 760 1956 seilicet
775 1911 879 1976 usque
902 1891 947 1954 ad
968 1898 1095 1954 eertum
1114 1895 1245 1987 tempus
1267 1890 1469 1976 praefinitum

415 1993 484 2077 regi
507 1991 637 2078 Anglire
672 1997 707 2056 et
730 1991 799 2055 suis
823 1995 941 2056 eontra
969 2012 1080 2076 regem
1103 1990 1303 2056 Francorum
1337 1996 1373 2056 et
1394 2013 1470 2056 suos

415 2117 490 2160 eum
512 2095 627 2159 robore
650 2093 815 2158 exercitus
838 2093 891 2156 sui
913 2091 1057 2157 fideliter
1085 2094 1254 2158 assisteret
1275 2093 1470 2178 veniretque

416 2197 452 2260 in
475 2218 587 2261 eorum
610 2195 774 2260 auxilium
805 2215 880 2259 eum
904 2199 991 2259 esset
1012 2193 1213 2260 sufficienter
1243 2197 1468 2280 praemunitus

247 2327 354 2379 pepp„
366 2327 387 2376 i
418 2298 584 2363 Convenit
607 2296 706 2362 etiam
732 2295 821 2381 quod
843 2299 963 2360 neuter
985 2317 1097 2360 eorum
1119 2297 1245 2381 absque
1267 2297 1371 2361 altero
1393 2317 1468 2363 eum

246 2395 366 2470 romare.
416 2421 492 2485 rege
530 2399 677 2464 Franciae
716 2398 931 2464 concordaret
969 2398 1023 2462 vel
1062 2397 1170 2462 foedus
1200 2398 1300 2463 iniret
1338 2419 1469 2484 quoquo

245 2459 397 2578 pepugeaewnh
417 2501 523 2566 modo.
570 2500 697 2566 Eodem
719 2521 808 2564 enno
831 2521 890 2564 rex
907 2498 1115 2563 Edwardus⁴
1137 2500 1346 2584 quorundam
1362 2499 1470 2564 fretus

245 2591 381 2708 afflet
417 2603 559 2680 oonsilio,
598 2623 727 2668 omnem
774 2601 946 2688 pecuniam
984 2607 1019 2666 et
1049 2623 1146 2665 omne
1184 2601 1395 2688 depositum⁵
1433 2601 1470 2664 in

246 2751 318 2816 king
352 2801 353 2806 γ
417 2705 559 2770 ecelesiis
593 2702 847 2778 cathedralibus,
871 2701 1025 2767 domibus
1056 2701 1218 2788 religiosis
1249 2709 1285 2766 et
1305 2701 1469 2766 universis
1481 2695 1566 2810 {5¹3⁸
1579 2695 1633 2744 0⁰¹·

245 2817 353 2868 Falsast
417 2803 636 2892 ganofflaeiis⁶
657 2803 846 2869 elericorum
870 2807 903 2868 et
935 2803 1102 2881 laioon1m‚
1140 2802 1344 2889 fratrumque
1380 2803 1468 2868 1³1ae-

246 2883 383 3000 ῗξὲζξζξζ
418 2908 601 2973 dicatorum
626 2911 661 2970 et
676 2905 843 2970 Minorum
865 2909 1125 2990 caeterorumque
1142 2904 1295 2970 ordinum
1314 2906 1471 2983 omnium,

249 3016 389 3066 rndfunds
419 3016 537 3095 quarto
575 3008 699 3073 scilieet
732 3007 787 3072 die
820 3005 915 3083 Julii,
947 3005 1029 3072 hora
1061 3007 1175 3086 tertia,
1209 3029 1268 3094 per
1299 3007 1470 3072 ministros

248 3081 338 3196 ΜΘ,
418 3132 495 3177 suos
531 3109 768 3196 praeordinatos
806 3109 898 3192 qussi
935 3129 978 3171 ex
1011 3108 1191 3193 improviso
1224 3109 1319 3195 oepit,
1355 3113 1391 3174 et
1434 3109 1471 3172 in

419 3213 571 3277 aerarium
604 3232 700 3275 suum
736 3207 915 3273 Londoniae
948 3229 1107 3294 reponere
1131 3209 1233 3287 feeit,⁷
1264 3209 1471 3294 multamque

418 3313 590 3398 pecuniam
638 3317 832 3377 consecutus
879 3315 938 3388 est
988 3331 1088 3394 quam
1135 3331 1307 3396 nunquam
1356 3317 1472 3396 postea

419 3415 574 3479 restituit.
621 3412 693 3476 Illis
716 3418 829 3478 temen
852 3412 910 3495 qui
933 3411 964 3474 ei
986 3411 1189 3476 tenebantur
1210 3413 1247 3476 in
1270 3411 1393 3486 debito,
1416 3413 1472 3476 vel

420 3514 637 3580 communiter
659 3535 734 3579 eum
768 3511 854 3578 clero
877 3512 932 3576 vel
955 3512 1076 3598 populo
1099 3514 1264 3578 auxilium
1297 3513 1471 3599 promitte·

421 3615 503 3679 bant·
527 3617 566 3693 ei,
590 3615 777 3700 hujusmodi
812 3615 983 3699 pecuniam
1006 3621 1175 3702 aoeeptam
1207 3617 1244 3680 in
1273 3616 1472 3680 solutionem

247 3720 355 3772 nestro
421 3715 557 3781 alterius
576 3716 678 3801 jussit
700 3714 832 3780 alloeari
854 3736 913 3778 seu
934 3716 1078 3782 restitui.
1123 3717 1247 3781 Eodem
1273 3737 1363 3782 anno
1386 3717 1472 3782 eirea

250 3786 386 3836 seizesthe
691 3817 697 3831 .
747 3818 754 3832 .
874 3817 881 3831 .
911 3819 918 3832 .
1433 3819 1440 3833 ,

249 3854 314 3904 wool
325 3852 389 3903 both
419 3820 541 3885 festum
564 3819 773 3884 Asoensroms
796 3817 921 3882 dommi
944 3839 1057 3884 omnes
1079 3817 1194 3884 lanas⁸
1217 3824 1315 3885 terrae
1340 3819 1471 3905 Anglrro

454 4070 460 4100 ¹
481 4070 548 4118 Here
560 4083 593 4117 on
613 4065 676 4116 both
695 4063 807 4132 margins
823 4063 845 4112 is
865 4063 924 4112 Re:
969 4066 1064 4128 merely
1076 4069 1235 4129 represented
1254 4069 1317 4132 hya
1334 4067 1425 4132 capital
1442 4070 1472 4120 E.

425 4147 570 4200 Edwardur
593 4147 651 4196 iniit
666 4144 755 4210 soedur
782 4159 836 4192 curn
865 4159 924 4207 repe
969 4143 1030 4192 'l'his
1040 4144 1096 4194 MS.
1109 4146 1238 4196 besmede
1249 4145 1303 4196 into
1315 4145 1360 4196 Et.

420 4229 571 4280 Almannr'oe.
1001 4221 1012 4253 ⁸
1029 4223 1097 4273 Here
1109 4239 1144 4273 on
1162 4224 1224 4273 both
1243 4224 1395 4288 marginata
1414 4223 1473 4274 Rex

453 4332 463 4365 ²
480 4331 534 4382 The
557 4331 627 4380 word
649 4327 670 4377 is
693 4325 791 4376 written
813 4323 839 4374 in
860 4323 924 4374 both
944 4284 947 4343 l
969 4301 1162 4365 “Pl“lepfflt‘lss
1175 4301 1331 4352 iaeceleriis.

420 4411 496 4463 MSS.
522 4409 625 4466 Sidene,
647 4407 694 4456 but
717 4405 763 4454 hus
787 4405 851 4452 been
869 4416 925 4452 eor·
1002 4377 1282 4468 ⁶9⁰3‘st10f1'f⁸‚1l1b'5·

420 4491 507 4540 remed
519 4489 544 4538 in
557 4489 590 4536 Α,
1001 4457 1013 4496 ²
1021 4457 1105 4523 sent]
1120 4458 1146 4507 in
1157 4475 1173 4508 a
1184 4459 1247 4508 later
1258 4459 1327 4508 hand
1338 4459 1418 4510 ebore
1429 4459 1474 4508 the

454 4589 546 4657 ὀνκ]
562 4605 611 4640 om.
630 4587 685 4639 MS.
720 4587 743 4636 lt
757 4584 778 4636 is
790 4583 871 4634 added
891 4599 925 4632 on
969 4537 1235 4598 lineinn15.‚ma52
1255 4537 1472 4589 i⁸⁸dd²d⁰¹¹ih0

421 4673 464 4722 ¹¹¹0
476 4669 574 4736 martin
586 4667 612 4716 ln
624 4668 657 4717 Α·
969 4631 1106 4744 ωῗῗιῐῖτιέ
1118 4619 1153 4744 dri
1172 4695 1234 4746 both
1254 4693 1401 4760 marginais
1414 4695 1473 4744 Bar

454 4770 636 4823 ⁴Ednurdur.
681 4766 743 4818 'I'his
773 4766 800 4816 iu
834 4765 868 4814 A.
903 4763 924 4812 is
969 4773 1132 4839 emmam
