3625 5784
620 846 894 898 rsrcnsrnsssrs
918 849 1131 902 cusonrcon
1361 838 1405 908 87

398 1042 545 1098 liebertus
574 1042 657 1099 velut
686 1043 798 1099 ernndo
828 1045 930 1100 stetim
968 1035 1138 1100 consensit1
1176 1049 1207 1100 et
1243 1045 1404 1104 exercitum

352 1132 475 1200 dimisit,
498 1132 670 1189 Neustrism
692 1133 782 1190 rediit
807 1133 852 1189 nil
881 1133 941 1190 nisi
975 1133 1117 1206 promisse
1150 1135 1286 1192 referens.
1331 1136 1405 1192 Toto

352 1223 412 1278 fero
429 1211 581 1278 'nobilitas
603 1222 722 1294 Anglite
744 1223 877 1279 volueret
910 1223 1034 1280 erexisse
1066 1224 1228 1280 Robertnm
1251 1224 1283 1279 in
1305 1243 1405 1296 regem

352 1317 472 1384 excepto
495 1310 658 1366 Isnfxsnoo
689 1317 720 1367 et
741 1313 882 1369 wlstano,
929 1314 1056 1378 Interes,
1080 1330 1133 1385 per
1154 1314 1297 1384 Anglism
1332 1319 1403 1369 tem-

351 1405 447 1473 pestus
470 1400 536 1456 dire
553 1401 661 1467 saeviit,
676 1419 746 1457 uem
768 1407 835 1474 post
857 1403 994 1475 hyemem
1009 1421 1076 1458 vere
1099 1401 1259 1475 incipiente
1282 1409 1405 1476 patmus

351 1491 430 1562 regis
452 1489 605 1558 willelmi,
629 1489 692 1546 Ode
714 1491 884 1547 Bsiocensis
898 1492 1060 1564 episcopus,
1083 1510 1102 1547 s
1124 1509 1238 1548 carcere
1261 1493 1404 1549 Willelmi

352 1580 442 1652 primi
463 1598 557 1652 nuper
586 1581 726 1636 liberatus
748 1581 889 1653 Anglism
911 1581 1003 1647 uenit,
1027 1581 1077 1636 cui
1106 1581 1193 1637 dctus
1215 1586 1260 1636 est
1291 1581 1404 1638 Osntiae

352 1670 517 1735 comitatus,
533 1669 584 1725 sed
601 1686 670 1725 cum
683 1670 796 1726 videret
809 1688 870 1727 non
892 1671 991 1726 omnis
1013 1687 1066 1726 sno
1089 1670 1232 1726 arbitratu
1255 1675 1290 1726 ut
1312 1689 1405 1744 quon-

353 1760 422 1816 dam
443 1759 476 1814 in
497 1777 590 1831 reguo
612 1759 738 1830 disponi,
754 1759 846 1815 livore
868 1760 945 1816 ictus
968 1779 986 1816 s
1007 1778 1076 1832 rege
1099 1759 1228 1827 discivis,
1244 1764 1274 1816 et
1297 1762 1405 1816 multos

355 1848 456 1904 eodem
481 1837 624 1905 susurro²
653 1848 766 1916 infecit,
790 1849 942 1922 potissime
973 1849 1201 1906 Dunelmensem
1227 1849 1406 1923 episcopum,

354 1939 491 1995 comitem
521 1938 806 2006 Northimhrcnsem,
830 1944 861 1995 et
891 1939 1040 2009 Rogerum
1063 1938 1220 1995 demente
1255 1939 1408 1996 Gomerico

354 2028 492 2084 comitem
526 2028 663 2100 Solopise.
719 2029 787 2100 Ipso
818 2032 891 2084 tnnc
923 2027 986 2084 Odo
1019 2027 1103 2084 fiscos
1134 2025 1231 2100 regnos
1253 2034 1284 2085 et
1315 2035 1408 2088 terres

354 2117 564 2190 archiepiscopi
597 2117 762 2173 devastavit
792 2135 845 2189 pro
875 2136 911 2173 eo
946 2116 1025 2189 qnod
1054 2115 1118 2189 ejns
1141 2118 1264 2174 consilio
1287 2118 1348 2191 ipse
1374 2119 1407 2174 in

355 2207 481 2262 vinculis
503 2205 647 2264 Willelmi
669 2207 759 2278 primi
781 2205 930 2277 conjectus
964 2207 1081 2275 fuerat,
1113 2225 1182 2263 nem
1214 2213 1408 2280 conquerente

355 2297 512 2369 aliquando
541 2314 611 2367 rege
634 2296 781 2352 Willelmo
812 2296 909 2368 primo
941 2297 977 2352 de
1012 2296 1112 2352 Odone
1144 2298 1233 2352 fratre
1256 2316 1307 2353 suo
1331 2298 1409 2370 quod

355 2387 392 2442 eh
407 2387 471 2458 ipso
493 2385 636 2452 desiliret,
653 2386 672 2412 “
686 2385 762 2451 Tu,”
785 2385 883 2457 inquit
898 2386 1090 2453 Innfrsncus,
1108 2386 1126 2411 “
1136 2386 1282 2458 prehende
1296 2405 1364 2442 eum
1379 2391 1410 2442 et

358 2475 376 2504 “
399 2476 480 2532 vinci
501 2495 540 2532 ne
570 2475 626 2531 tibi
660 2481 782 2542 noceet;
805 2493 865 2531 non
888 2476 954 2532 dico
986 2475 1153 2548 episcopum
1188 2477 1238 2532 sed
1273 2477 1409 2532 comitem

357 2563 376 2593 (ί
399 2564 544 2622 cantia„

401 2657 519 2712 Interes
549 2655 682 2726 Rogerus
718 2654 897 2727 Selopiensis
930 2671 997 2709 cnm
1032 2654 1093 2710 suis
1116 2653 1312 2710 Wnllensibns
1338 2655 1411 2710 fines

357 2745 475 2817 Angliae
513 2763 605 2816 usque
642 2744 836 2817 Wygornism
875 2742 1017 2809 devastet,
1057 2742 1108 2799 sed
1146 2743 1279 2814 precibus
1318 2744 1411 2798 suncti

357 2835 483 2890 Wlstsni
505 2835 595 2890 simul
616 2839 647 2890 et
668 2835 854 2890 snsthemute
877 2834 920 2888 ite
943 2831 1090 2888 debilitati
1119 2836 1198 2898 sunt,
1222 2838 1252 2888 et
1275 2834 1411 2888 excaecnti

357 2925 419 2996 ipse
440 2930 471 2980 et
494 2925 550 2980 viri
572 2922 628 2990 sui,
652 2928 686 2978 ut
708 2941 727 2978 s
748 2940 839 2995 parvo
860 2939 984 2978 numero
1018 2921 1244 2976 castellanorum
1267 2928 1297 2977 et
1320 2921 1412 2992 ipsius

357 3013 478 3071 familie
500 3013 630 3086 episcopi
660 3013 905 3085 dispergerentur.
951 3009 1065 3070 Videris
1101 3009 1194 3080 igitur
1223 3027 1275 3066 rex
1297 3010 1413 3066 Willel-

357 3121 424 3159 mus
445 3104 632 3160 Noumennos
653 3119 728 3176 pene
758 3119 858 3158 omnes
881 3105 984 3157 contre
1007 3117 1037 3156 se
1060 3099 1252 3170 conspiratos,
1276 3099 1413 3156 delinivit

358 3194 471 3265 Anglos
492 3192 644 3266 promissis
670 3179 827 3247 'meliorum
860 3191 960 3262 legum
994 3194 1025 3245 et
1057 3189 1157 3244 liberae
1181 3189 1347 3246 venetionis
1382 3191 1414 3244 in

359 3283 440 3339 silvis
462 3282 597 3354 propriis,
613 3280 772 3352 eodemque
791 3281 879 3336 modo
894 3281 1045 3350 Rogerum
1068 3277 1267 3350 Selopiensem
1289 3279 1412 3345 reflexit,

358 3378 388 3428 et
418 3373 519 3427 stetim
542 3371 575 3427 in
597 3371 756 3426 desertores
790 3369 923 3436 desaevit,
947 3369 1065 3424 castelle
1102 3367 1212 3424 Odonis
1245 3371 1277 3424 in
1311 3369 1416 3431 (lentis

359 3461 520 3533 occupavit,
544 3461 641 3532 ipsum
676 3459 808 3517 Odonem
838 3464 957 3532 captum
980 3457 1121 3529 Anglism
1151 3457 1285 3530 abjurare
1308 3459 1413 3530 coegit,

359 3551 461 3608 urbem
490 3549 659 3606 Roffensem
692 3549 745 3603 nbi
777 3553 840 3604 eret
871 3547 1012 3604 nobilitas
1046 3553 1226 3618 congregate
1250 3548 1363 3605 obsedit
1385 3555 1415 3605 et

359 3639 446 3712 cepit.

403 3729 470 3785 Hoc
491 3728 582 3786 etiem
604 3746 682 3784 anno
705 3746 810 3801 corpus
842 3726 938 3782 sancti
968 3723 1107 3782 Nioholei
1141 3725 1179 3780 ad
1211 3727 1311 3782 urbem
1343 3728 1416 3783 Ber-
1441 3773 1442 3776 ,

358 3835 473 3874 reusem
506 3818 539 3874 iu
572 3816 682 3890 Apulis
715 3817 877 3874 advehitur.
935 3814 1014 3870 Dum
1045 3813 1125 3870 enim
1156 3815 1245 3871 Turci
1277 3816 1417 3874 Mirresm

359 3909 460 3963 urbem
499 3907 692 3975 destruerent,
724 3906 818 3977 xxiiij.
851 3904 961 3961 milites
998 3904 1156 3961 Bsrrenses
1189 3904 1261 3960 illuc
1292 3906 1417 3977 profecti

359 4015 423 4053 oses
444 3998 522 4054 besti
544 3996 682 4054 Nicholei
704 3996 737 4051 iu
759 3997 823 4052 oleo
855 3994 991 4050 nutantis
1014 3995 1051 4050 ed
1073 3993 1175 4048 urbem
1199 4011 1281 4050 susm
1305 3995 1418 4052 detule-

358 4092 437 4144 runt.

404 4177 471 4232 Ηοο
492 4176 584 4232 etism
606 4193 684 4232 anuo
706 4175 844 4232 Urbanus
875 4190 952 4246 pepo
983 4172 1143 4230 comitante
1165 4171 1308 4228 Anselmo
1343 4177 1417 4229 tuno

363 4265 466 4322 ebbute
498 4265 639 4322 Beccensi
672 4264 830 4321 concilium
863 4263 1022 4319 celebravit
1043 4262 1122 4335 epud
1145 4260 1264 4318 Olnrum
1286 4266 1417 4317 montem

362 4355 395 4410 iu
417 4353 516 4412 Gallis
537 4354 588 4410 nbi
610 4359 757 4411 statutum
779 4358 824 4409 est
845 4357 880 4408 ut
901 4353 982 4410 horae
1005 4352 1042 4408 de
1064 4352 1149 4408 besto
1170 4349 1287 4420 virgine
1309 4349 1417 4406 cotidie

364 4444 539 4511 dicerentur,
563 4449 593 4498 et
615 4443 679 4516 ejus
702 4441 830 4500 officium
853 4441 936 4498 fleret
958 4441 1062 4496 diebus
1084 4435 1252 4496 eebbstinis.

407 4533 471 4590 Rex
492 4533 660 4591 Willelmus
692 4531 827 4607 quedem
859 4531 979 4588 castelle
1012 4529 1044 4585 in
1078 4525 1262 4587 Normsnnis
1296 4527 1418 4586 Roberti

362 4622 534 4696 adquisivit,
557 4623 693 4680 custodes
726 4622 853 4696 pecunie
884 4636 1082 4692 corrumpens,
1107 4623 1138 4674 et
1163 4634 1263 4688 regem
1286 4617 1418 4676 Freuciae

396 4813 651 4882 *mmsis
877 4813 885 4880 ι
931 4810 1166 4879 menonis
