<?xml version="1.0" encoding="UTF-8"?>
<!DOCTYPE html PUBLIC "-//W3C//DTD XHTML 1.0 Transitional//EN"
    "http://www.w3.org/TR/xhtml1/DTD/xhtml1-transitional.dtd">
<html xmlns="http://www.w3.org/1999/xhtml" xml:lang="en" lang="en">
 <head>
  <title>
</title>
<meta http-equiv="Content-Type" content="text/html;charset=utf-8" />
  <meta name='ocr-system' content='tesseract 3.04.00' />
  <meta name='ocr-capabilities' content='ocr_page ocr_carea ocr_par ocr_line ocrx_word'/>
</head>
<body>
  <div class='ocr_page' id='page_1' title='image "./chroniconhenric00lumbgoog_0157.png"; bbox 0 0 3625 5784; ppageno 0'>
   <div class='ocr_carea' id='block_1_1' title="bbox 367 795 1053 857">
    <p class='ocr_par' dir='ltr' id='par_1_1' title="bbox 367 795 1053 857">
     <span class='ocr_line' id='line_1_1' title="bbox 367 795 1053 857; baseline -0.006 0"><span class='ocrx_word' id='word_1_1' title='bbox 367 795 432 857; x_wconf 75' lang='lat'><strong>134</strong></span> <span class='ocrx_word' id='word_1_2' title='bbox 702 806 847 856; x_wconf 78' lang='lat' dir='ltr'><strong>uererer</strong></span> <span class='ocrx_word' id='word_1_3' title='bbox 870 803 1053 854; x_wconf 75' lang='lat' dir='ltr'><strong>erroneos</strong></span> 
     </span>
    </p>
   </div>
   <div class='ocr_carea' id='block_1_2' title="bbox 359 1007 1415 3168">
    <p class='ocr_par' dir='ltr' id='par_1_2' title="bbox 359 1007 1415 3168">
     <span class='ocr_line' id='line_1_2' title="bbox 366 1007 1415 1083; baseline -0.002 -15"><span class='ocrx_word' id='word_1_4' title='bbox 366 1009 575 1082; x_wconf 78' lang='lat' dir='ltr'><strong>egritudinem</strong></span> <span class='ocrx_word' id='word_1_5' title='bbox 599 1010 771 1076; x_wconf 75' lang='lat' dir='ltr'><strong>incurreret,</strong></span> <span class='ocrx_word' id='word_1_6' title='bbox 803 1027 980 1080; x_wconf 81' lang='lat' dir='ltr'><strong>succumque</strong></span> <span class='ocrx_word' id='word_1_7' title='bbox 1009 1007 1065 1064; x_wconf 87' lang='lat' dir='ltr'><strong>sibi</strong></span> <span class='ocrx_word' id='word_1_8' title='bbox 1098 1010 1174 1064; x_wconf 79' lang='lat' dir='ltr'><strong>soret</strong></span> <span class='ocrx_word' id='word_1_9' title='bbox 1202 1027 1254 1083; x_wconf 90' lang='lat' dir='ltr'><strong>per</strong></span> <span class='ocrx_word' id='word_1_10' title='bbox 1286 1009 1415 1066; x_wconf 88' lang='lat' dir='ltr'><strong>medicos</strong></span> 
     </span>
     <span class='ocr_line' id='line_1_3' title="bbox 367 1097 1414 1171; baseline 0 -16"><span class='ocrx_word' id='word_1_11' title='bbox 367 1105 398 1156; x_wconf 88' lang='lat' dir='ltr'><strong>et</strong></span> <span class='ocrx_word' id='word_1_12' title='bbox 423 1100 569 1170; x_wconf 75' lang='lat' dir='ltr'><strong>prelatos,</strong></span> <span class='ocrx_word' id='word_1_13' title='bbox 593 1104 628 1154; x_wconf 82' lang='lat' dir='ltr'><strong>ut</strong></span> <span class='ocrx_word' id='word_1_14' title='bbox 651 1099 687 1154; x_wconf 93' lang='lat' dir='ltr'><strong>ob</strong></span> <span class='ocrx_word' id='word_1_15' title='bbox 708 1099 833 1154; x_wconf 88' lang='lat' dir='ltr'><strong>nimiam</strong></span> <span class='ocrx_word' id='word_1_16' title='bbox 866 1097 1038 1154; x_wconf 89' lang='lat' dir='ltr'><strong>distantiam</strong></span> <span class='ocrx_word' id='word_1_17' title='bbox 1061 1099 1172 1170; x_wconf 74' lang='lat' dir='ltr'><strong>regine</strong></span> <span class='ocrx_word' id='word_1_18' title='bbox 1194 1099 1293 1170; x_wconf 79' lang='lat' dir='ltr'><strong>puella</strong></span> <span class='ocrx_word' id='word_1_19' title='bbox 1315 1098 1414 1171; x_wconf 83' lang='lat' dir='ltr'><strong>ulique</strong></span> 
     </span>
     <span class='ocr_line' id='line_1_4' title="bbox 368 1187 1414 1261; baseline 0 -17"><span class='ocrx_word' id='word_1_20' title='bbox 368 1194 510 1256; x_wconf 85' lang='lat' dir='ltr'><strong>uteretur,</strong></span> <span class='ocrx_word' id='word_1_21' title='bbox 533 1189 701 1261; x_wconf 87' lang='lat' dir='ltr'><strong>respondit;</strong></span> <span class='ocrx_word' id='word_1_22' title='bbox 737 1189 816 1245; x_wconf 85' lang='lat' dir='ltr'><strong>Malo</strong></span> <span class='ocrx_word' id='word_1_23' title='bbox 837 1187 915 1242; x_wconf 92' lang='lat' dir='ltr'><strong>mori</strong></span> <span class='ocrx_word' id='word_1_24' title='bbox 937 1193 1042 1253; x_wconf 89' lang='lat' dir='ltr'><strong>caetus,</strong></span> <span class='ocrx_word' id='word_1_25' title='bbox 1067 1206 1154 1260; x_wconf 84' lang='lat' dir='ltr'><strong>quam</strong></span> <span class='ocrx_word' id='word_1_26' title='bbox 1176 1188 1275 1244; x_wconf 83' lang='lat' dir='ltr'><strong>vivere</strong></span> <span class='ocrx_word' id='word_1_27' title='bbox 1290 1189 1414 1254; x_wconf 88' lang='lat' dir='ltr'><strong>adulter,</strong></span> 
     </span>
     <span class='ocr_line' id='line_1_5' title="bbox 369 1277 1415 1335; baseline -0.002 0"><span class='ocrx_word' id='word_1_28' title='bbox 369 1284 400 1335; x_wconf 89' lang='lat' dir='ltr'><strong>et</strong></span> <span class='ocrx_word' id='word_1_29' title='bbox 430 1279 472 1334; x_wconf 90' lang='lat' dir='ltr'><strong>sic</strong></span> <span class='ocrx_word' id='word_1_30' title='bbox 494 1283 591 1333; x_wconf 86' lang='lat' dir='ltr'><strong>totum</strong></span> <span class='ocrx_word' id='word_1_31' title='bbox 613 1278 668 1333; x_wconf 88' lang='lat' dir='ltr'><strong>deo</strong></span> <span class='ocrx_word' id='word_1_32' title='bbox 701 1278 887 1334; x_wconf 89' lang='lat' dir='ltr'><strong>committeus</strong></span> <span class='ocrx_word' id='word_1_33' title='bbox 922 1277 982 1333; x_wconf 91' lang='lat' dir='ltr'><strong>cito</strong></span> <span class='ocrx_word' id='word_1_34' title='bbox 1012 1278 1169 1334; x_wconf 82' lang='lat' dir='ltr'><strong>convaluit.</strong></span> <span class='ocrx_word' id='word_1_35' title='bbox 1215 1279 1293 1333; x_wconf 87' lang='lat' dir='ltr'><strong>Duru</strong></span> <span class='ocrx_word' id='word_1_36' title='bbox 1316 1283 1415 1334; x_wconf 88' lang='lat' dir='ltr'><strong>autem</strong></span> 
     </span>
     <span class='ocr_line' id='line_1_6' title="bbox 369 1367 1414 1440; baseline -0.002 -16"><span class='ocrx_word' id='word_1_37' title='bbox 369 1368 492 1424; x_wconf 87' lang='lat' dir='ltr'><strong>clericus</strong></span> <span class='ocrx_word' id='word_1_38' title='bbox 527 1367 646 1440; x_wconf 88' lang='lat' dir='ltr'><strong>quidem</strong></span> <span class='ocrx_word' id='word_1_39' title='bbox 675 1367 865 1440; x_wconf 81' lang='lat' dir='ltr'><strong>privilegium</strong></span> <span class='ocrx_word' id='word_1_40' title='bbox 902 1367 1006 1438; x_wconf 86' lang='lat' dir='ltr'><strong>papale</strong></span> <span class='ocrx_word' id='word_1_41' title='bbox 1037 1367 1065 1421; x_wconf 89' lang='lat' dir='ltr'><strong>ei</strong></span> <span class='ocrx_word' id='word_1_42' title='bbox 1102 1367 1258 1433; x_wconf 84' lang='lat' dir='ltr'><strong>attulisset,</strong></span> <span class='ocrx_word' id='word_1_43' title='bbox 1283 1368 1360 1440; x_wconf 89' lang='lat' dir='ltr'><strong>quod</strong></span> <span class='ocrx_word' id='word_1_44' title='bbox 1381 1369 1414 1423; x_wconf 93' lang='lat' dir='ltr'><strong>in</strong></span> 
     </span>
     <span class='ocr_line' id='line_1_7' title="bbox 369 1455 1415 1528; baseline -0.001 -14"><span class='ocrx_word' id='word_1_45' title='bbox 369 1457 450 1514; x_wconf 93' lang='lat' dir='ltr'><strong>omni</strong></span> <span class='ocrx_word' id='word_1_46' title='bbox 473 1458 632 1513; x_wconf 72' lang='lat' dir='ltr'><strong>cathedrali</strong></span> <span class='ocrx_word' id='word_1_47' title='bbox 654 1459 776 1514; x_wconf 88' lang='lat' dir='ltr'><strong>ecclesia</strong></span> <span class='ocrx_word' id='word_1_48' title='bbox 798 1457 881 1528; x_wconf 87' lang='lat' dir='ltr'><strong>regni</strong></span> <span class='ocrx_word' id='word_1_49' title='bbox 904 1457 951 1512; x_wconf 89' lang='lat' dir='ltr'><strong>eui</strong></span> <span class='ocrx_word' id='word_1_50' title='bbox 973 1455 1098 1528; x_wconf 87' lang='lat' dir='ltr'><strong>primam</strong></span> <span class='ocrx_word' id='word_1_51' title='bbox 1112 1463 1280 1513; x_wconf 84' lang='lat' dir='ltr'><strong>vacaturam</strong></span> <span class='ocrx_word' id='word_1_52' title='bbox 1295 1459 1415 1514; x_wconf 83' lang='lat' dir='ltr'><strong>heberet</strong></span> 
     </span>
     <span class='ocr_line' id='line_1_8' title="bbox 369 1546 1413 1619; baseline 0 -16"><span class='ocrx_word' id='word_1_53' title='bbox 369 1566 437 1603; x_wconf 89' lang='lat' dir='ltr'><strong>oum</strong></span> <span class='ocrx_word' id='word_1_54' title='bbox 474 1546 617 1603; x_wconf 81' lang='lat' dir='ltr'><strong>fructibus</strong></span> <span class='ocrx_word' id='word_1_55' title='bbox 649 1547 746 1602; x_wconf 92' lang='lat' dir='ltr'><strong>medio</strong></span> <span class='ocrx_word' id='word_1_56' title='bbox 778 1551 907 1619; x_wconf 85' lang='lat' dir='ltr'><strong>tempore</strong></span> <span class='ocrx_word' id='word_1_57' title='bbox 938 1546 1185 1618; x_wconf 71' lang='lat' dir='ltr'><strong>provenientibus,</strong></span> <span class='ocrx_word' id='word_1_58' title='bbox 1223 1547 1274 1603; x_wconf 92' lang='lat' dir='ltr'><strong>ille</strong></span> <span class='ocrx_word' id='word_1_59' title='bbox 1311 1548 1413 1603; x_wconf 86' lang='lat' dir='ltr'><strong>statim</strong></span> 
     </span>
     <span class='ocr_line' id='line_1_9' title="bbox 368 1636 1411 1705; baseline 0.002 -13"><span class='ocrx_word' id='word_1_60' title='bbox 368 1637 485 1694; x_wconf 86' lang='lat' dir='ltr'><strong>literam</strong></span> <span class='ocrx_word' id='word_1_61' title='bbox 507 1637 675 1704; x_wconf 89' lang='lat' dir='ltr'><strong>combussit,</strong></span> <span class='ocrx_word' id='word_1_62' title='bbox 703 1636 811 1704; x_wconf 90' lang='lat' dir='ltr'><strong>diceus,</strong></span> <span class='ocrx_word' id='word_1_63' title='bbox 835 1654 866 1692; x_wconf 88' lang='lat' dir='ltr'><strong>ee</strong></span> <span class='ocrx_word' id='word_1_64' title='bbox 889 1637 978 1692; x_wconf 84' lang='lat' dir='ltr'><strong>malle</strong></span> <span class='ocrx_word' id='word_1_65' title='bbox 1006 1636 1077 1691; x_wconf 86' lang='lat' dir='ltr'><strong>tales</strong></span> <span class='ocrx_word' id='word_1_66' title='bbox 1104 1636 1204 1692; x_wconf 88' lang='lat' dir='ltr'><strong>literas</strong></span> <span class='ocrx_word' id='word_1_67' title='bbox 1233 1636 1411 1705; x_wconf 87' lang='lat' dir='ltr'><strong>comburere,</strong></span> 
     </span>
     <span class='ocr_line' id='line_1_10' title="bbox 368 1725 1412 1799; baseline 0 -16"><span class='ocrx_word' id='word_1_68' title='bbox 368 1744 456 1799; x_wconf 88' lang='lat' dir='ltr'><strong>quam</strong></span> <span class='ocrx_word' id='word_1_69' title='bbox 490 1726 619 1783; x_wconf 88' lang='lat' dir='ltr'><strong>animam</strong></span> <span class='ocrx_word' id='word_1_70' title='bbox 641 1743 723 1782; x_wconf 87' lang='lat' dir='ltr'><strong>suam</strong></span> <span class='ocrx_word' id='word_1_71' title='bbox 760 1725 792 1780; x_wconf 90' lang='lat' dir='ltr'><strong>in</strong></span> <span class='ocrx_word' id='word_1_72' title='bbox 826 1726 941 1782; x_wconf 87' lang='lat' dir='ltr'><strong>inferno</strong></span> <span class='ocrx_word' id='word_1_73' title='bbox 975 1725 1113 1798; x_wconf 80' lang='lat' dir='ltr'><strong>torqueri.</strong></span> <span class='ocrx_word' id='word_1_74' title='bbox 1159 1727 1203 1782; x_wconf 86' lang='lat' dir='ltr'><strong>Ae</strong></span> <span class='ocrx_word' id='word_1_75' title='bbox 1237 1744 1304 1783; x_wconf 92' lang='lat' dir='ltr'><strong>cum</strong></span> <span class='ocrx_word' id='word_1_76' title='bbox 1334 1727 1412 1783; x_wconf 86' lang='lat' dir='ltr'><strong>idem</strong></span> 
     </span>
     <span class='ocr_line' id='line_1_11' title="bbox 367 1815 1410 1889; baseline 0.001 -18"><span class='ocrx_word' id='word_1_77' title='bbox 367 1817 504 1889; x_wconf 83' lang='lat' dir='ltr'><strong>princeps</strong></span> <span class='ocrx_word' id='word_1_78' title='bbox 536 1816 666 1889; x_wconf 85' lang='lat' dir='ltr'><strong>quelibet</strong></span> <span class='ocrx_word' id='word_1_79' title='bbox 699 1821 779 1872; x_wconf 82' lang='lat' dir='ltr'><strong>sexta</strong></span> <span class='ocrx_word' id='word_1_80' title='bbox 808 1815 882 1871; x_wconf 81' lang='lat' dir='ltr'><strong>feris</strong></span> <span class='ocrx_word' id='word_1_81' title='bbox 906 1815 938 1870; x_wconf 89' lang='lat' dir='ltr'><strong>in</strong></span> <span class='ocrx_word' id='word_1_82' title='bbox 977 1833 1052 1887; x_wconf 86' lang='lat' dir='ltr'><strong>pene</strong></span> <span class='ocrx_word' id='word_1_83' title='bbox 1087 1820 1117 1870; x_wconf 91' lang='lat' dir='ltr'><strong>et</strong></span> <span class='ocrx_word' id='word_1_84' title='bbox 1150 1834 1226 1888; x_wconf 88' lang='lat' dir='ltr'><strong>aqua</strong></span> <span class='ocrx_word' id='word_1_85' title='bbox 1251 1815 1410 1888; x_wconf 78' lang='lat' dir='ltr'><strong>jejunaret,</strong></span> 
     </span>
     <span class='ocr_line' id='line_1_12' title="bbox 368 1904 1409 1978; baseline 0 -16"><span class='ocrx_word' id='word_1_86' title='bbox 368 1924 488 1962; x_wconf 77' lang='lat' dir='ltr'><strong>mesum</strong></span> <span class='ocrx_word' id='word_1_87' title='bbox 510 1911 555 1961; x_wconf 88' lang='lat' dir='ltr'><strong>eet</strong></span> <span class='ocrx_word' id='word_1_88' title='bbox 570 1905 616 1960; x_wconf 91' lang='lat' dir='ltr'><strong>illi</strong></span> <span class='ocrx_word' id='word_1_89' title='bbox 645 1906 701 1962; x_wconf 91' lang='lat' dir='ltr'><strong>hoc</strong></span> <span class='ocrx_word' id='word_1_90' title='bbox 717 1905 865 1978; x_wconf 84' lang='lat' dir='ltr'><strong>jejunium</strong></span> <span class='ocrx_word' id='word_1_91' title='bbox 888 1904 1049 1971; x_wconf 86' lang='lat' dir='ltr'><strong>dimittere,</strong></span> <span class='ocrx_word' id='word_1_92' title='bbox 1073 1909 1104 1960; x_wconf 87' lang='lat' dir='ltr'><strong>et</strong></span> <span class='ocrx_word' id='word_1_93' title='bbox 1126 1911 1245 1961; x_wconf 88' lang='lat' dir='ltr'><strong>centum</strong></span> <span class='ocrx_word' id='word_1_94' title='bbox 1268 1924 1409 1978; x_wconf 87' lang='lat' dir='ltr'><strong>pauperes</strong></span> 
     </span>
     <span class='ocr_line' id='line_1_13' title="bbox 367 1995 1411 2068; baseline -0.001 -16"><span class='ocrx_word' id='word_1_95' title='bbox 367 1996 422 2052; x_wconf 83' lang='lat' dir='ltr'><strong>tali</strong></span> <span class='ocrx_word' id='word_1_96' title='bbox 444 1996 491 2052; x_wconf 91' lang='lat' dir='ltr'><strong>die</strong></span> <span class='ocrx_word' id='word_1_97' title='bbox 513 1995 639 2051; x_wconf 87' lang='lat' dir='ltr'><strong>reficere.</strong></span> <span class='ocrx_word' id='word_1_98' title='bbox 687 1995 797 2065; x_wconf 83' lang='lat' dir='ltr'><strong>Quibus</strong></span> <span class='ocrx_word' id='word_1_99' title='bbox 812 1995 980 2067; x_wconf 84' lang='lat' dir='ltr'><strong>respondit;</strong></span> <span class='ocrx_word' id='word_1_100' title='bbox 1004 1996 1084 2050; x_wconf 90' lang='lat' dir='ltr'><strong>Bene</strong></span> <span class='ocrx_word' id='word_1_101' title='bbox 1106 1995 1241 2050; x_wconf 83' lang='lat' dir='ltr'><strong>volumus</strong></span> <span class='ocrx_word' id='word_1_102' title='bbox 1264 1996 1342 2068; x_wconf 92' lang='lat' dir='ltr'><strong>quod</strong></span> <span class='ocrx_word' id='word_1_103' title='bbox 1357 1997 1411 2051; x_wconf 89' lang='lat' dir='ltr'><strong>tali</strong></span> 
     </span>
     <span class='ocr_line' id='line_1_14' title="bbox 367 2083 1412 2157; baseline 0 -16"><span class='ocrx_word' id='word_1_104' title='bbox 367 2085 415 2141; x_wconf 90' lang='lat' dir='ltr'><strong>die</strong></span> <span class='ocrx_word' id='word_1_105' title='bbox 437 2091 483 2140; x_wconf 90' lang='lat' dir='ltr'><strong>tot</strong></span> <span class='ocrx_word' id='word_1_106' title='bbox 504 2102 644 2157; x_wconf 76' lang='lat' dir='ltr'><strong>pauperae</strong></span> <span class='ocrx_word' id='word_1_107' title='bbox 666 2085 712 2141; x_wconf 81' lang='lat' dir='ltr'><strong>vel</strong></span> <span class='ocrx_word' id='word_1_108' title='bbox 735 2085 834 2157; x_wconf 91' lang='lat' dir='ltr'><strong>plures</strong></span> <span class='ocrx_word' id='word_1_109' title='bbox 856 2089 1021 2157; x_wconf 86' lang='lat' dir='ltr'><strong>pascantur,</strong></span> <span class='ocrx_word' id='word_1_110' title='bbox 1038 2083 1089 2140; x_wconf 90' lang='lat' dir='ltr'><strong>sed</strong></span> <span class='ocrx_word' id='word_1_111' title='bbox 1108 2083 1257 2156; x_wconf 86' lang='lat' dir='ltr'><strong>jejunium</strong></span> <span class='ocrx_word' id='word_1_112' title='bbox 1279 2091 1412 2141; x_wconf 88' lang='lat' dir='ltr'><strong>nostrum</strong></span> 
     </span>
     <span class='ocr_line' id='line_1_15' title="bbox 366 2173 1411 2247; baseline 0 -17"><span class='ocrx_word' id='word_1_113' title='bbox 366 2175 478 2230; x_wconf 80' lang='lat' dir='ltr'><strong>solvere</strong></span> <span class='ocrx_word' id='word_1_114' title='bbox 499 2175 647 2241; x_wconf 90' lang='lat' dir='ltr'><strong>nolumus,</strong></span> <span class='ocrx_word' id='word_1_115' title='bbox 664 2191 733 2230; x_wconf 90' lang='lat' dir='ltr'><strong>nam</strong></span> <span class='ocrx_word' id='word_1_116' title='bbox 748 2175 855 2245; x_wconf 90' lang='lat' dir='ltr'><strong>absque</strong></span> <span class='ocrx_word' id='word_1_117' title='bbox 877 2192 912 2229; x_wconf 93' lang='lat' dir='ltr'><strong>eo</strong></span> <span class='ocrx_word' id='word_1_118' title='bbox 935 2173 1013 2246; x_wconf 91' lang='lat' dir='ltr'><strong>quod</strong></span> <span class='ocrx_word' id='word_1_119' title='bbox 1028 2173 1134 2230; x_wconf 78' lang='lat' dir='ltr'><strong>anime</strong></span> <span class='ocrx_word' id='word_1_120' title='bbox 1158 2175 1279 2240; x_wconf 79' lang='lat' dir='ltr'><strong>confert,</strong></span> <span class='ocrx_word' id='word_1_121' title='bbox 1297 2175 1411 2247; x_wconf 80' lang='lat' dir='ltr'><strong>corpori</strong></span> 
     </span>
     <span class='ocr_line' id='line_1_16' title="bbox 365 2263 1410 2336; baseline 0 -16"><span class='ocrx_word' id='word_1_122' title='bbox 365 2269 431 2320; x_wconf 90' lang='lat' dir='ltr'><strong>turn</strong></span> <span class='ocrx_word' id='word_1_123' title='bbox 468 2263 628 2336; x_wconf 88' lang='lat' dir='ltr'><strong>plurimum</strong></span> <span class='ocrx_word' id='word_1_124' title='bbox 666 2263 793 2335; x_wconf 89' lang='lat' dir='ltr'><strong>prodest,</strong></span> <span class='ocrx_word' id='word_1_125' title='bbox 828 2267 874 2318; x_wconf 91' lang='lat' dir='ltr'><strong>tot</strong></span> <span class='ocrx_word' id='word_1_126' title='bbox 911 2263 991 2318; x_wconf 88' lang='lat' dir='ltr'><strong>enim</strong></span> <span class='ocrx_word' id='word_1_127' title='bbox 1037 2263 1183 2335; x_wconf 85' lang='lat' dir='ltr'><strong>superflue</strong></span> <span class='ocrx_word' id='word_1_128' title='bbox 1221 2282 1273 2336; x_wconf 93' lang='lat' dir='ltr'><strong>per</strong></span> <span class='ocrx_word' id='word_1_129' title='bbox 1317 2269 1410 2320; x_wconf 88' lang='lat' dir='ltr'><strong>totam</strong></span> 
     </span>
     <span class='ocr_line' id='line_1_17' title="bbox 366 2351 1411 2426; baseline 0.002 -18"><span class='ocrx_word' id='word_1_130' title='bbox 366 2354 577 2410; x_wconf 76' lang='lat' dir='ltr'><strong>hebdomadem</strong></span> <span class='ocrx_word' id='word_1_131' title='bbox 609 2352 723 2425; x_wconf 90' lang='lat' dir='ltr'><strong>corpori</strong></span> <span class='ocrx_word' id='word_1_132' title='bbox 760 2353 933 2424; x_wconf 87' lang='lat' dir='ltr'><strong>ingerimus,</strong></span> <span class='ocrx_word' id='word_1_133' title='bbox 968 2351 1045 2425; x_wconf 90' lang='lat' dir='ltr'><strong>quod</strong></span> <span class='ocrx_word' id='word_1_134' title='bbox 1082 2353 1219 2424; x_wconf 83' lang='lat' dir='ltr'><strong>purgatio</strong></span> <span class='ocrx_word' id='word_1_135' title='bbox 1250 2355 1298 2409; x_wconf 80' lang='lat' dir='ltr'><strong>vel</strong></span> <span class='ocrx_word' id='word_1_136' title='bbox 1329 2355 1411 2426; x_wconf 87' lang='lat' dir='ltr'><strong>quies</strong></span> 
     </span>
     <span class='ocr_line' id='line_1_18' title="bbox 365 2442 1410 2516; baseline 0.001 -18"><span class='ocrx_word' id='word_1_137' title='bbox 365 2443 454 2499; x_wconf 88' lang='lat' dir='ltr'><strong>unius</strong></span> <span class='ocrx_word' id='word_1_138' title='bbox 476 2442 536 2499; x_wconf 87' lang='lat' dir='ltr'><strong>diei</strong></span> <span class='ocrx_word' id='word_1_139' title='bbox 557 2443 685 2497; x_wconf 90' lang='lat' dir='ltr'><strong>multum</strong></span> <span class='ocrx_word' id='word_1_140' title='bbox 707 2443 786 2498; x_wconf 81' lang='lat' dir='ltr'><strong>valet</strong></span> <span class='ocrx_word' id='word_1_141' title='bbox 800 2448 862 2498; x_wconf 91' lang='lat' dir='ltr'><strong>tam</strong></span> <span class='ocrx_word' id='word_1_142' title='bbox 885 2442 923 2497; x_wconf 92' lang='lat' dir='ltr'><strong>ad</strong></span> <span class='ocrx_word' id='word_1_143' title='bbox 945 2442 1112 2514; x_wconf 89' lang='lat' dir='ltr'><strong>pellendum</strong></span> <span class='ocrx_word' id='word_1_144' title='bbox 1128 2444 1307 2516; x_wconf 88' lang='lat' dir='ltr'><strong>superfluum</strong></span> <span class='ocrx_word' id='word_1_145' title='bbox 1323 2462 1410 2515; x_wconf 86' lang='lat' dir='ltr'><strong>quam</strong></span> 
     </span>
     <span class='ocr_line' id='line_1_19' title="bbox 364 2531 1410 2605; baseline 0 -17"><span class='ocrx_word' id='word_1_146' title='bbox 364 2533 402 2588; x_wconf 90' lang='lat' dir='ltr'><strong>ad</strong></span> <span class='ocrx_word' id='word_1_147' title='bbox 424 2532 641 2605; x_wconf 83' lang='lat' dir='ltr'><strong>provocandum</strong></span> <span class='ocrx_word' id='word_1_148' title='bbox 672 2533 846 2604; x_wconf 84' lang='lat' dir='ltr'><strong>appetitum.</strong></span> <span class='ocrx_word' id='word_1_149' title='bbox 893 2531 1011 2588; x_wconf 86' lang='lat' dir='ltr'><strong>Mortuo</strong></span> <span class='ocrx_word' id='word_1_150' title='bbox 1035 2532 1155 2587; x_wconf 88' lang='lat' dir='ltr'><strong>taudem</strong></span> <span class='ocrx_word' id='word_1_151' title='bbox 1178 2532 1234 2588; x_wconf 90' lang='lat' dir='ltr'><strong>isto</strong></span> <span class='ocrx_word' id='word_1_152' title='bbox 1257 2533 1410 2590; x_wconf 80' lang='lat' dir='ltr'><strong>Lodowico</strong></span> 
     </span>
     <span class='ocr_line' id='line_1_20' title="bbox 362 2621 1411 2696; baseline 0.001 -19"><span class='ocrx_word' id='word_1_153' title='bbox 362 2623 501 2678; x_wconf 82' lang='lat' dir='ltr'><strong>metricus</strong></span> <span class='ocrx_word' id='word_1_154' title='bbox 539 2621 658 2694; x_wconf 85' lang='lat' dir='ltr'><strong>quidam</strong></span> <span class='ocrx_word' id='word_1_155' title='bbox 696 2622 750 2678; x_wconf 90' lang='lat' dir='ltr'><strong>eub</strong></span> <span class='ocrx_word' id='word_1_156' title='bbox 787 2621 856 2677; x_wconf 88' lang='lat' dir='ltr'><strong>stilo</strong></span> <span class='ocrx_word' id='word_1_157' title='bbox 889 2622 1094 2694; x_wconf 86' lang='lat' dir='ltr'><strong>compendioso</strong></span> <span class='ocrx_word' id='word_1_158' title='bbox 1132 2623 1191 2678; x_wconf 89' lang='lat' dir='ltr'><strong>telo</strong></span> <span class='ocrx_word' id='word_1_159' title='bbox 1228 2623 1411 2696; x_wconf 86' lang='lat' dir='ltr'><strong>epitaphium</strong></span> 
     </span>
     <span class='ocr_line' id='line_1_21' title="bbox 363 2702 1410 2784; baseline 0.001 -17"><span class='ocrx_word' id='word_1_160' title='bbox 363 2702 531 2768; x_wconf 85' lang='lat' dir='ltr'><strong>rhetorico¹</strong></span> <span class='ocrx_word' id='word_1_161' title='bbox 554 2716 707 2768; x_wconf 84' lang='lat' dir='ltr'><strong>stemmate</strong></span> <span class='ocrx_word' id='word_1_162' title='bbox 730 2716 868 2768; x_wconf 86' lang='lat' dir='ltr'><strong>ornatum</strong></span> <span class='ocrx_word' id='word_1_163' title='bbox 891 2711 1017 2783; x_wconf 79' lang='lat' dir='ltr'><strong>scripsit,</strong></span> <span class='ocrx_word' id='word_1_164' title='bbox 1040 2716 1071 2767; x_wconf 89' lang='lat' dir='ltr'><strong>et</strong></span> <span class='ocrx_word' id='word_1_165' title='bbox 1093 2716 1232 2784; x_wconf 83' lang='lat' dir='ltr'><strong>tauquam</strong></span> <span class='ocrx_word' id='word_1_166' title='bbox 1256 2712 1293 2767; x_wconf 87' lang='lat' dir='ltr'><strong>ud</strong></span> <span class='ocrx_word' id='word_1_167' title='bbox 1315 2713 1410 2768; x_wconf 88' lang='lat' dir='ltr'><strong>filium</strong></span> 
     </span>
     <span class='ocr_line' id='line_1_22' title="bbox 362 2801 1408 2874; baseline 0.001 -16"><span class='ocrx_word' id='word_1_168' title='bbox 362 2820 448 2858; x_wconf 90' lang='lat' dir='ltr'><strong>suum</strong></span> <span class='ocrx_word' id='word_1_169' title='bbox 469 2801 641 2874; x_wconf 88' lang='lat' dir='ltr'><strong>Philippum</strong></span> <span class='ocrx_word' id='word_1_170' title='bbox 673 2801 893 2874; x_wconf 79' lang='lat' dir='ltr'><strong>apostropham,</strong></span> <span class='ocrx_word' id='word_1_171' title='bbox 928 2805 1041 2872; x_wconf 84' lang='lat' dir='ltr'><strong>patrem</strong></span> <span class='ocrx_word' id='word_1_172' title='bbox 1073 2802 1221 2873; x_wconf 85' lang='lat' dir='ltr'><strong>sepultum</strong></span> <span class='ocrx_word' id='word_1_173' title='bbox 1244 2802 1408 2868; x_wconf 84' lang='lat' dir='ltr'><strong>ostendens,</strong></span> 
     </span>
     <span class='ocr_line' id='line_1_23' title="bbox 359 2893 411 2961; baseline -0.019 -12"><span class='ocrx_word' id='word_1_174' title='bbox 359 2893 411 2961; x_wconf 90' lang='lat' dir='ltr'><strong>ait,</strong></span> 
     </span>
     <span class='ocr_line' id='line_1_24' title="bbox 449 3005 1297 3078; baseline 0 -16"><span class='ocrx_word' id='word_1_175' title='bbox 449 3009 538 3062; x_wconf 89' lang='lat' dir='ltr'><strong>Hunc</strong></span> <span class='ocrx_word' id='word_1_176' title='bbox 561 3023 678 3078; x_wconf 78' lang='lat' dir='ltr'><strong>superae</strong></span> <span class='ocrx_word' id='word_1_177' title='bbox 699 3010 734 3060; x_wconf 89' lang='lat' dir='ltr'><strong>tu</strong></span> <span class='ocrx_word' id='word_1_178' title='bbox 756 3005 807 3077; x_wconf 92' lang='lat' dir='ltr'><strong>qui</strong></span> <span class='ocrx_word' id='word_1_179' title='bbox 830 3022 918 3076; x_wconf 85' lang='lat' dir='ltr'><strong>super</strong></span> <span class='ocrx_word' id='word_1_180' title='bbox 939 3023 970 3060; x_wconf 89' lang='lat' dir='ltr'><strong>ee</strong></span> <span class='ocrx_word' id='word_1_181' title='bbox 993 3022 1139 3062; x_wconf 79' lang='lat' dir='ltr'><strong>successor</strong></span> <span class='ocrx_word' id='word_1_182' title='bbox 1160 3005 1297 3062; x_wconf 88' lang='lat' dir='ltr'><strong>honoris:</strong></span> 
     </span>
     <span class='ocr_line' id='line_1_25' title="bbox 450 3094 1153 3168; baseline -0.001 -17"><span class='ocrx_word' id='word_1_183' title='bbox 450 3098 583 3168; x_wconf 78' lang='lat' dir='ltr'><strong>Degener</strong></span> <span class='ocrx_word' id='word_1_184' title='bbox 606 3113 636 3151; x_wconf 88' lang='lat' dir='ltr'><strong>ee</strong></span> <span class='ocrx_word' id='word_1_185' title='bbox 659 3095 684 3150; x_wconf 88' lang='lat' dir='ltr'><strong>ei</strong></span> <span class='ocrx_word' id='word_1_186' title='bbox 707 3094 864 3166; x_wconf 79' lang='lat' dir='ltr'><strong>degeneres</strong></span> <span class='ocrx_word' id='word_1_187' title='bbox 887 3113 905 3150; x_wconf 91' lang='lat' dir='ltr'><strong>a</strong></span> <span class='ocrx_word' id='word_1_188' title='bbox 929 3095 1015 3150; x_wconf 87' lang='lat' dir='ltr'><strong>leude</strong></span> <span class='ocrx_word' id='word_1_189' title='bbox 1038 3095 1153 3167; x_wconf 89' lang='lat' dir='ltr'><strong>prioris.</strong></span> 
     </span>
    </p>
   </div>
   <div class='ocr_carea' id='block_1_3' title="bbox 357 3251 1408 4495">
    <p class='ocr_par' dir='ltr' id='par_1_3' title="bbox 357 3251 1408 4495">
     <span class='ocr_line' id='line_1_26' title="bbox 405 3251 1408 3332; baseline -0.001 -13"><span class='ocrx_word' id='word_1_190' title='bbox 405 3251 513 3320; x_wconf 65' lang='lat' dir='ltr'><strong>(liresfl</strong></span> <span class='ocrx_word' id='word_1_191' title='bbox 527 3261 592 3316; x_wconf 80' lang='lat' dir='ltr'><strong>hec</strong></span> <span class='ocrx_word' id='word_1_192' title='bbox 605 3267 738 3332; x_wconf 82' lang='lat' dir='ltr'><strong>tempore</strong></span> <span class='ocrx_word' id='word_1_193' title='bbox 752 3259 826 3316; x_wconf 91' lang='lat' dir='ltr'><strong>obiit</strong></span> <span class='ocrx_word' id='word_1_194' title='bbox 841 3260 930 3331; x_wconf 88' lang='lat' dir='ltr'><strong>Hugo</strong></span> <span class='ocrx_word' id='word_1_195' title='bbox 946 3260 982 3316; x_wconf 89' lang='lat' dir='ltr'><strong>de</strong></span> <span class='ocrx_word' id='word_1_196' title='bbox 997 3266 1098 3317; x_wconf 87' lang='lat' dir='ltr'><strong>sancto</strong></span> <span class='ocrx_word' id='word_1_197' title='bbox 1113 3261 1233 3319; x_wconf 88' lang='lat' dir='ltr'><strong>Victore</strong></span> <span class='ocrx_word' id='word_1_198' title='bbox 1248 3262 1408 3319; x_wconf 87' lang='lat' dir='ltr'><strong>monechue</strong></span> 
     </span>
     <span class='ocr_line' id='line_1_27' title="bbox 360 3347 1408 3424; baseline -0.001 -15"><span class='ocrx_word' id='word_1_199' title='bbox 360 3357 392 3410; x_wconf 87' lang='lat' dir='ltr'><strong>et</strong></span> <span class='ocrx_word' id='word_1_200' title='bbox 421 3351 502 3424; x_wconf 87' lang='lat' dir='ltr'><strong>prior·</strong></span> <span class='ocrx_word' id='word_1_201' title='bbox 535 3349 629 3405; x_wconf 88' lang='lat' dir='ltr'><strong>sancti</strong></span> <span class='ocrx_word' id='word_1_202' title='bbox 651 3349 780 3408; x_wconf 89' lang='lat' dir='ltr'><strong>Victoris</strong></span> <span class='ocrx_word' id='word_1_203' title='bbox 811 3347 897 3420; x_wconf 86' lang='lat' dir='ltr'><strong>juxte</strong></span> <span class='ocrx_word' id='word_1_204' title='bbox 919 3350 1074 3417; x_wconf 88' lang='lat' dir='ltr'><strong>Psrisium,</strong></span> <span class='ocrx_word' id='word_1_205' title='bbox 1099 3351 1192 3406; x_wconf 87' lang='lat' dir='ltr'><strong>literis</strong></span> <span class='ocrx_word' id='word_1_206' title='bbox 1215 3357 1245 3406; x_wconf 90' lang='lat' dir='ltr'><strong>et</strong></span> <span class='ocrx_word' id='word_1_207' title='bbox 1267 3351 1408 3422; x_wconf 85' lang='lat' dir='ltr'><strong>religione</strong></span> 
     </span>
     <span class='ocr_line' id='line_1_28' title="bbox 360 3439 1407 3511; baseline 0 -14"><span class='ocrx_word' id='word_1_208' title='bbox 360 3457 501 3499; x_wconf 90' lang='lat' dir='ltr'><strong>summus.</strong></span> <span class='ocrx_word' id='word_1_209' title='bbox 549 3439 593 3494; x_wconf 90' lang='lat' dir='ltr'><strong>De</strong></span> <span class='ocrx_word' id='word_1_210' title='bbox 615 3456 672 3510; x_wconf 90' lang='lat' dir='ltr'><strong>quo</strong></span> <span class='ocrx_word' id='word_1_211' title='bbox 694 3439 795 3493; x_wconf 84' lang='lat' dir='ltr'><strong>ferunt</strong></span> <span class='ocrx_word' id='word_1_212' title='bbox 817 3439 894 3511; x_wconf 91' lang='lat' dir='ltr'><strong>quod</strong></span> <span class='ocrx_word' id='word_1_213' title='bbox 927 3457 995 3495; x_wconf 90' lang='lat' dir='ltr'><strong>oum</strong></span> <span class='ocrx_word' id='word_1_214' title='bbox 1029 3439 1061 3494; x_wconf 90' lang='lat' dir='ltr'><strong>iu</strong></span> <span class='ocrx_word' id='word_1_215' title='bbox 1083 3443 1213 3496; x_wconf 84' lang='lat' dir='ltr'><strong>extrema</strong></span> <span class='ocrx_word' id='word_1_216' title='bbox 1236 3441 1407 3498; x_wconf 86' lang='lat' dir='ltr'><strong>infirmitate</strong></span> 
     </span>
     <span class='ocr_line' id='line_1_29' title="bbox 360 3527 1406 3602; baseline -0.001 -14"><span class='ocrx_word' id='word_1_217' title='bbox 360 3533 515 3596; x_wconf 87' lang='lat' dir='ltr'><strong>leboraret,</strong></span> <span class='ocrx_word' id='word_1_218' title='bbox 538 3533 569 3583; x_wconf 93' lang='lat' dir='ltr'><strong>et</strong></span> <span class='ocrx_word' id='word_1_219' title='bbox 599 3527 715 3582; x_wconf 89' lang='lat' dir='ltr'><strong>nullum</strong></span> <span class='ocrx_word' id='word_1_220' title='bbox 749 3527 848 3583; x_wconf 91' lang='lat' dir='ltr'><strong>cibum</strong></span> <span class='ocrx_word' id='word_1_221' title='bbox 878 3529 1005 3584; x_wconf 88' lang='lat' dir='ltr'><strong>retinere</strong></span> <span class='ocrx_word' id='word_1_222' title='bbox 1038 3535 1144 3602; x_wconf 88' lang='lat' dir='ltr'><strong>posset,</strong></span> <span class='ocrx_word' id='word_1_223' title='bbox 1178 3547 1281 3602; x_wconf 89' lang='lat' dir='ltr'><strong>corpus</strong></span> <span class='ocrx_word' id='word_1_224' title='bbox 1307 3537 1406 3587; x_wconf 89' lang='lat' dir='ltr'><strong>tamen</strong></span> 
     </span>
     <span class='ocr_line' id='line_1_30' title="bbox 359 3616 1406 3692; baseline 0.003 -17"><span class='ocrx_word' id='word_1_225' title='bbox 359 3617 539 3677; x_wconf 91' lang='lat' dir='ltr'><strong>dominicum</strong></span> <span class='ocrx_word' id='word_1_226' title='bbox 563 3616 619 3672; x_wconf 90' lang='lat' dir='ltr'><strong>sibi</strong></span> <span class='ocrx_word' id='word_1_227' title='bbox 642 3617 706 3671; x_wconf 88' lang='lat' dir='ltr'><strong>dari</strong></span> <span class='ocrx_word' id='word_1_228' title='bbox 729 3616 875 3673; x_wconf 86' lang='lat' dir='ltr'><strong>instanter</strong></span> <span class='ocrx_word' id='word_1_229' title='bbox 897 3618 1066 3689; x_wconf 85' lang='lat' dir='ltr'><strong>postulavit.</strong></span> <span class='ocrx_word' id='word_1_230' title='bbox 1114 3619 1231 3674; x_wconf 80' lang='lat' dir='ltr'><strong>Fratres</strong></span> <span class='ocrx_word' id='word_1_231' title='bbox 1253 3637 1321 3676; x_wconf 88' lang='lat' dir='ltr'><strong>vero</strong></span> <span class='ocrx_word' id='word_1_232' title='bbox 1343 3619 1406 3692; x_wconf 84' lang='lat' dir='ltr'><strong>ejus</strong></span> 
     </span>
     <span class='ocr_line' id='line_1_31' title="bbox 359 3705 1406 3780; baseline 0 -14"><span class='ocrx_word' id='word_1_233' title='bbox 359 3708 558 3766; x_wconf 82' lang='lat' dir='ltr'><strong>turbationem</strong></span> <span class='ocrx_word' id='word_1_234' title='bbox 602 3705 702 3761; x_wconf 83' lang='lat' dir='ltr'><strong>sedere</strong></span> <span class='ocrx_word' id='word_1_235' title='bbox 751 3706 892 3773; x_wconf 84' lang='lat' dir='ltr'><strong>volentes,</strong></span> <span class='ocrx_word' id='word_1_236' title='bbox 952 3707 1115 3780; x_wconf 89' lang='lat' dir='ltr'><strong>simplicem</strong></span> <span class='ocrx_word' id='word_1_237' title='bbox 1171 3707 1298 3765; x_wconf 86' lang='lat' dir='ltr'><strong>oblutam</strong></span> <span class='ocrx_word' id='word_1_238' title='bbox 1346 3729 1406 3766; x_wconf 90' lang='lat' dir='ltr'><strong>nou</strong></span> 
     </span>
     <span class='ocr_line' id='line_1_32' title="bbox 359 3794 1405 3870; baseline 0.006 -21"><span class='ocrx_word' id='word_1_239' title='bbox 359 3801 557 3856; x_wconf 78' lang='lat' dir='ltr'><strong>consecratam</strong></span> <span class='ocrx_word' id='word_1_240' title='bbox 578 3794 607 3850; x_wconf 92' lang='lat' dir='ltr'><strong>ei</strong></span> <span class='ocrx_word' id='word_1_241' title='bbox 621 3795 799 3866; x_wconf 87' lang='lat' dir='ltr'><strong>optulerunt.</strong></span> <span class='ocrx_word' id='word_1_242' title='bbox 838 3794 923 3865; x_wconf 81' lang='lat' dir='ltr'><strong>Quod</strong></span> <span class='ocrx_word' id='word_1_243' title='bbox 937 3797 988 3852; x_wconf 89' lang='lat' dir='ltr'><strong>ille</strong></span> <span class='ocrx_word' id='word_1_244' title='bbox 1003 3797 1035 3852; x_wconf 92' lang='lat' dir='ltr'><strong>in</strong></span> <span class='ocrx_word' id='word_1_245' title='bbox 1058 3797 1165 3869; x_wconf 86' lang='lat' dir='ltr'><strong>spiritu</strong></span> <span class='ocrx_word' id='word_1_246' title='bbox 1188 3815 1405 3870; x_wconf 84' lang='lat' dir='ltr'><strong>recognoscens,</strong></span> 
     </span>
     <span class='ocr_line' id='line_1_33' title="bbox 358 3883 1405 3955; baseline 0.001 -11"><span class='ocrx_word' id='word_1_247' title='bbox 358 3887 411 3955; x_wconf 87' lang='lat' dir='ltr'><strong>ait,</strong></span> <span class='ocrx_word' id='word_1_248' title='bbox 452 3886 522 3941; x_wconf 90' lang='lat' dir='ltr'><strong>deus</strong></span> <span class='ocrx_word' id='word_1_249' title='bbox 569 3883 740 3940; x_wconf 82' lang='lat' dir='ltr'><strong>misereatur</strong></span> <span class='ocrx_word' id='word_1_250' title='bbox 785 3885 887 3952; x_wconf 82' lang='lat' dir='ltr'><strong>vestri,</strong></span> <span class='ocrx_word' id='word_1_251' title='bbox 928 3887 1042 3952; x_wconf 85' lang='lat' dir='ltr'><strong>fratres,</strong></span> <span class='ocrx_word' id='word_1_252' title='bbox 1081 3905 1133 3941; x_wconf 90' lang='lat' dir='ltr'><strong>cur</strong></span> <span class='ocrx_word' id='word_1_253' title='bbox 1171 3887 1244 3942; x_wconf 89' lang='lat' dir='ltr'><strong>mihi</strong></span> <span class='ocrx_word' id='word_1_254' title='bbox 1282 3887 1405 3945; x_wconf 85' lang='lat' dir='ltr'><strong>illudere</strong></span> 
     </span>
     <span class='ocr_line' id='line_1_34' title="bbox 359 3974 1405 4034; baseline -0.001 0"><span class='ocrx_word' id='word_1_255' title='bbox 359 3974 517 4034; x_wconf 68' lang='lat' dir='ltr'><strong>voluistis?</strong></span> <span class='ocrx_word' id='word_1_256' title='bbox 563 3974 624 4030; x_wconf 85' lang='lat' dir='ltr'><strong>Iste</strong></span> <span class='ocrx_word' id='word_1_257' title='bbox 646 3992 706 4029; x_wconf 89' lang='lat' dir='ltr'><strong>non</strong></span> <span class='ocrx_word' id='word_1_258' title='bbox 728 3979 773 4030; x_wconf 88' lang='lat' dir='ltr'><strong>cst</strong></span> <span class='ocrx_word' id='word_1_259' title='bbox 796 3974 866 4030; x_wconf 90' lang='lat' dir='ltr'><strong>deus</strong></span> <span class='ocrx_word' id='word_1_260' title='bbox 889 3993 981 4031; x_wconf 89' lang='lat' dir='ltr'><strong>meus.</strong></span> <span class='ocrx_word' id='word_1_261' title='bbox 1028 3977 1097 4030; x_wconf 85' lang='lat' dir='ltr'><strong>Mox</strong></span> <span class='ocrx_word' id='word_1_262' title='bbox 1129 3977 1175 4030; x_wconf 91' lang='lat' dir='ltr'><strong>illi</strong></span> <span class='ocrx_word' id='word_1_263' title='bbox 1197 3977 1405 4034; x_wconf 80' lang='lat' dir='ltr'><strong>euchuristiam</strong></span> 
     </span>
     <span class='ocr_line' id='line_1_35' title="bbox 359 4063 1404 4133; baseline 0 -9"><span class='ocrx_word' id='word_1_264' title='bbox 359 4069 557 4124; x_wconf 81' lang='lat' dir='ltr'><strong>consecratam</strong></span> <span class='ocrx_word' id='word_1_265' title='bbox 579 4063 753 4119; x_wconf 85' lang='lat' dir='ltr'><strong>attuleruut.</strong></span> <span class='ocrx_word' id='word_1_266' title='bbox 798 4063 883 4133; x_wconf 82' lang='lat' dir='ltr'><strong>Quod</strong></span> <span class='ocrx_word' id='word_1_267' title='bbox 904 4065 957 4119; x_wconf 91' lang='lat' dir='ltr'><strong>ille</strong></span> <span class='ocrx_word' id='word_1_268' title='bbox 983 4065 1087 4121; x_wconf 79' lang='lat' dir='ltr'><strong>videus</strong></span> <span class='ocrx_word' id='word_1_269' title='bbox 1111 4065 1161 4120; x_wconf 88' lang='lat' dir='ltr'><strong>sed</strong></span> <span class='ocrx_word' id='word_1_270' title='bbox 1195 4066 1322 4124; x_wconf 83' lang='lat' dir='ltr'><strong>retinere</strong></span> <span class='ocrx_word' id='word_1_271' title='bbox 1343 4087 1404 4124; x_wconf 90' lang='lat' dir='ltr'><strong>nou</strong></span> 
     </span>
     <span class='ocr_line' id='line_1_36' title="bbox 357 4152 1407 4232; baseline 0.002 -19"><span class='ocrx_word' id='word_1_272' title='bbox 357 4157 468 4223; x_wconf 78' lang='lat' dir='ltr'><strong>velens,</strong></span> <span class='ocrx_word' id='word_1_273' title='bbox 492 4154 595 4211; x_wconf 88' lang='lat' dir='ltr'><strong>erectis</strong></span> <span class='ocrx_word' id='word_1_274' title='bbox 624 4152 759 4209; x_wconf 87' lang='lat' dir='ltr'><strong>manibus</strong></span> <span class='ocrx_word' id='word_1_275' title='bbox 790 4152 851 4220; x_wconf 89' lang='lat' dir='ltr'><strong>ait;</strong></span> <span class='ocrx_word' id='word_1_276' title='bbox 873 4153 1023 4211; x_wconf 83' lang='lat' dir='ltr'><strong>Ascendet</strong></span> <span class='ocrx_word' id='word_1_277' title='bbox 1048 4155 1142 4210; x_wconf 72' lang='lat' dir='ltr'><strong>Filius</strong></span> <span class='ocrx_word' id='word_1_278' title='bbox 1163 4155 1202 4210; x_wconf 85' lang='lat' dir='ltr'><strong>ud</strong></span> <span class='ocrx_word' id='word_1_279' title='bbox 1222 4155 1351 4232; x_wconf 75' lang='lat' dir='ltr'><strong>l’atrem,</strong></span> <span class='ocrx_word' id='word_1_280' title='bbox 1375 4165 1407 4216; x_wconf 92' lang='lat' dir='ltr'><strong>et</strong></span> 
     </span>
     <span class='ocr_line' id='line_1_37' title="bbox 359 4242 1403 4320; baseline 0.001 -16"><span class='ocrx_word' id='word_1_281' title='bbox 359 4246 488 4320; x_wconf 82' lang='lat' dir='ltr'><strong>Spiritus</strong></span> <span class='ocrx_word' id='word_1_282' title='bbox 522 4243 561 4298; x_wconf 85' lang='lat' dir='ltr'><strong>ud</strong></span> <span class='ocrx_word' id='word_1_283' title='bbox 584 4243 670 4300; x_wconf 92' lang='lat' dir='ltr'><strong>deum</strong></span> <span class='ocrx_word' id='word_1_284' title='bbox 696 4242 749 4314; x_wconf 90' lang='lat' dir='ltr'><strong>qui</strong></span> <span class='ocrx_word' id='word_1_285' title='bbox 781 4242 892 4298; x_wconf 84' lang='lat' dir='ltr'><strong>creavit</strong></span> <span class='ocrx_word' id='word_1_286' title='bbox 915 4243 1021 4311; x_wconf 87' lang='lat' dir='ltr'><strong>illum;</strong></span> <span class='ocrx_word' id='word_1_287' title='bbox 1055 4249 1085 4298; x_wconf 89' lang='lat' dir='ltr'><strong>et</strong></span> <span class='ocrx_word' id='word_1_288' title='bbox 1108 4245 1210 4300; x_wconf 86' lang='lat' dir='ltr'><strong>stetim</strong></span> <span class='ocrx_word' id='word_1_289' title='bbox 1234 4247 1403 4320; x_wconf 83' lang='lat' dir='ltr'><strong>exspiravit,</strong></span> 
     </span>
     <span class='ocr_line' id='line_1_38' title="bbox 358 4331 1406 4407; baseline 0.002 -15"><span class='ocrx_word' id='word_1_290' title='bbox 358 4341 389 4393; x_wconf 88' lang='lat' dir='ltr'><strong>et</strong></span> <span class='ocrx_word' id='word_1_291' title='bbox 410 4351 515 4407; x_wconf 88' lang='lat' dir='ltr'><strong>corpus</strong></span> <span class='ocrx_word' id='word_1_292' title='bbox 537 4331 651 4388; x_wconf 89' lang='lat' dir='ltr'><strong>domini</strong></span> <span class='ocrx_word' id='word_1_293' title='bbox 677 4331 829 4404; x_wconf 84' lang='lat' dir='ltr'><strong>disparuit.</strong></span> <span class='ocrx_word' id='word_1_294' title='bbox 874 4333 987 4389; x_wconf 90' lang='lat' dir='ltr'><strong>Volunt</strong></span> <span class='ocrx_word' id='word_1_295' title='bbox 1010 4340 1109 4389; x_wconf 86' lang='lat' dir='ltr'><strong>tamen</strong></span> <span class='ocrx_word' id='word_1_296' title='bbox 1132 4334 1193 4400; x_wconf 88' lang='lat' dir='ltr'><strong>elii,</strong></span> <span class='ocrx_word' id='word_1_297' title='bbox 1227 4337 1306 4407; x_wconf 92' lang='lat' dir='ltr'><strong>quod</strong></span> <span class='ocrx_word' id='word_1_298' title='bbox 1339 4356 1406 4394; x_wconf 91' lang='lat' dir='ltr'><strong>cum</strong></span> 
     </span>
     <span class='ocr_line' id='line_1_39' title="bbox 359 4421 1406 4495; baseline 0.004 -15"><span class='ocrx_word' id='word_1_299' title='bbox 359 4423 415 4480; x_wconf 88' lang='lat' dir='ltr'><strong>iste</strong></span> <span class='ocrx_word' id='word_1_300' title='bbox 437 4424 528 4494; x_wconf 81' lang='lat' dir='ltr'><strong>Hugo</strong></span> <span class='ocrx_word' id='word_1_301' title='bbox 552 4427 670 4495; x_wconf 84' lang='lat' dir='ltr'><strong>propter</strong></span> <span class='ocrx_word' id='word_1_302' title='bbox 689 4421 792 4494; x_wconf 85' lang='lat' dir='ltr'><strong>jugem</strong></span> <span class='ocrx_word' id='word_1_303' title='bbox 824 4421 969 4478; x_wconf 80' lang='lat' dir='ltr'><strong>vomitum</strong></span> <span class='ocrx_word' id='word_1_304' title='bbox 991 4440 1051 4478; x_wconf 88' lang='lat' dir='ltr'><strong>non</strong></span> <span class='ocrx_word' id='word_1_305' title='bbox 1081 4429 1178 4494; x_wconf 90' lang='lat' dir='ltr'><strong>posset</strong></span> <span class='ocrx_word' id='word_1_306' title='bbox 1201 4426 1406 4484; x_wconf 86' lang='lat' dir='ltr'><strong>eucharistiam</strong></span> 
     </span>
    </p>
   </div>
   <div class='ocr_carea' id='block_1_4' title="bbox 357 4663 1409 4806">
    <p class='ocr_par' dir='ltr' id='par_1_4' title="bbox 357 4663 1409 4806">
     <span class='ocr_line' id='line_1_40' title="bbox 392 4663 1409 4734; baseline 0.005 -19"><span class='ocrx_word' id='word_1_307' title='bbox 392 4665 539 4716; x_wconf 80' lang='lat' dir='ltr'><strong>¹rhetors&#39;co</strong></span> <span class='ocrx_word' id='word_1_308' title='bbox 549 4664 756 4724; x_wconf 57' lang='lat' dir='ltr'><strong>“melchom</strong></span> <span class='ocrx_word' id='word_1_309' title='bbox 764 4663 861 4731; x_wconf 77' lang='lat' dir='ltr'><strong>fligi-3</strong></span> <span class='ocrx_word' id='word_1_310' title='bbox 943 4663 953 4696; x_wconf 75' lang='lat'><em>²</em></span> <span class='ocrx_word' id='word_1_311' title='bbox 971 4665 1012 4714; x_wconf 89' lang='lat' dir='ltr'><strong>On</strong></span> <span class='ocrx_word' id='word_1_312' title='bbox 1032 4665 1093 4714; x_wconf 86' lang='lat' dir='ltr'><strong>both</strong></span> <span class='ocrx_word' id='word_1_313' title='bbox 1112 4665 1226 4733; x_wconf 87' lang='lat' dir='ltr'><strong>margins</strong></span> <span class='ocrx_word' id='word_1_314' title='bbox 1244 4666 1266 4717; x_wconf 88' lang='lat' dir='ltr'><strong>ie</strong></span> <span class='ocrx_word' id='word_1_315' title='bbox 1287 4667 1366 4734; x_wconf 77' lang='lat' dir='ltr'><strong>Huqc</strong></span> <span class='ocrx_word' id='word_1_316' title='bbox 1378 4669 1409 4720; x_wconf 84' lang='lat' dir='ltr'><strong>de</strong></span> 
     </span>
     <span class='ocr_line' id='line_1_41' title="bbox 357 4741 1195 4806; baseline 0 -10"><span class='ocrx_word' id='word_1_317' title='bbox 357 4744 480 4796; x_wconf 76' lang='lat' dir='ltr'><strong>relies-ico</strong></span> <span class='ocrx_word' id='word_1_318' title='bbox 491 4749 593 4806; x_wconf 75' lang='lat' dir='ltr'><strong>cemele,</strong></span> <span class='ocrx_word' id='word_1_319' title='bbox 604 4741 662 4794; x_wconf 86' lang='lat' dir='ltr'><strong>MS.</strong></span> <span class='ocrx_word' id='word_1_320' title='bbox 907 4751 996 4794; x_wconf 75' lang='lat' dir='ltr'><strong>saeclo</strong></span> <span class='ocrx_word' id='word_1_321' title='bbox 1013 4743 1113 4796; x_wconf 82' lang='lat' dir='ltr'><strong>Victore</strong></span> <span class='ocrx_word' id='word_1_322' title='bbox 1124 4744 1195 4797; x_wconf 78' lang='lat' dir='ltr'><strong>obiit.</strong></span> 
     </span>
    </p>
   </div>
   <div class='ocr_carea' id='block_1_5' title="bbox 0 0 1818 5784">
    <p class='ocr_par' dir='ltr' id='par_1_5' title="bbox 0 0 1818 5784">
     <span class='ocr_line' id='line_1_42' title="bbox 0 0 1818 5784; baseline 0 3"><span class='ocrx_word' id='word_1_323' title='bbox 0 0 1818 5784; x_wconf 95' lang='lat' dir='ltr'><strong> </strong></span> 
     </span>
    </p>
   </div>
  </div>
 </body>
</html>
