3625 5784
443 899 507 962 388
792 911 937 963 neurim
962 913 1148 962 ememor

443 1098 537 1178 Quod
572 1099 723 1167 videntes
748 1101 836 1168 Seoti
873 1102 1128 1167 declinaverunt
1150 1101 1194 1166 ab
1227 1101 1318 1178 urbe,
1341 1107 1377 1166 et
1413 1101 1499 1166 divi·

273 1205 346 1282 quoy
359 1219 396 1254 re-
443 1201 559 1266 dentes
583 1204 670 1268 inter
702 1225 736 1268 se
759 1204 864 1290 spolia
886 1204 1038 1290 quaesita,
1072 1204 1286 1269 tradiderunt
1309 1203 1493 1269 Galwalen-

273 1277 329 1320 ‘¹¹⁹'
442 1302 536 1368 sibus
559 1311 670 1390 partes
693 1327 779 1384 suas,
802 1311 837 1373 et
859 1306 1016 1372 abierunt
1037 1307 1074 1371 iu
1097 1305 1169 1374 loca
1190 1326 1258 1372 sua.

767 1603 1165 1616 -ι--η-ω-.

864 1845 975 1930 [err.
998 1845 1097 1931 x1.]¹

153 2081 164 2090 ·
274 2079 349 2126 some
489 2051 603 2110 nterea
636 2045 798 2110 medicum
823 2053 901 2110 ante
928 2046 1040 2111 natale
1063 2047 1198 2123 domini,
1230 2047 1408 2112 dominus²
1432 2048 1497 2112 Re·

275 2142 422 2257 {leqsffior
516 2149 627 2213 bertus
643 2148 683 2212 de
700 2146 850 2232 Olyfford
877 2169 952 2213 eum
964 2147 977 2184 ³
991 2154 1124 2214 eentum
1149 2151 1287 2214 armatis
1302 2155 1336 2214 et
1352 2172 1406 2213 xx.
1424 2152 1496 2214 mil·

275 2275 384 2338 prunoet
445 2249 532 2314 libus
548 2250 696 2334 pediturn
713 2249 891 2314 electorum
907 2250 949 2313 de
971 2251 1109 2314 civitate
1125 2249 1326 2315 Karliolensi
1349 2257 1384 2316 et
1399 2253 1497 2316 eomi-

275 2341 397 2456 {ml}
446 2357 520 2417 tatu
537 2372 685 2436 egressus
701 2357 752 2416 est
774 2349 893 2416 vallem
911 2351 1074 2417 Anandise
1089 2357 1130 2417 ut
1145 2353 1351 2438 praedaretur
1365 2353 1496 2418 ibidem.

386 2444 392 2458 ⁸
447 2452 596 2538 Cumque
635 2453 833 2518 transissent
870 2473 991 2539 aquam
1030 2454 1071 2518 de
1103 2453 1263 2530 Solwath,
1307 2476 1385 2519 mox
1418 2477 1497 2519 voce

445 2553 609 2639 preeeonia
647 2552 886 2618 conclamatum
926 2559 986 2631 eet,
1020 2559 1059 2619 ut
1091 2554 1175 2620 nulli
1208 2555 1384 2640 quiequam
1418 2556 1497 2620 boni

444 2657 590 2723 facerent
621 2656 685 2720 nisi
718 2660 851 2720 tantum
889 2655 1085 2742 semetipsis.
1132 2655 1207 2736 Quo
1239 2657 1356 2722 audito
1388 2658 1496 2745 gavisi

444 2764 524 2823 sunt
555 2759 732 2844 pedestres,
764 2763 799 2823 et
830 2759 987 2823 continuo
1009 2759 1053 2823 ad
1085 2758 1215 2844 praedas
1238 2759 1377 2845 dispersi
1409 2765 1496 2825 sunt.

445 2860 622 2946 Equestres
644 2881 724 2925 vero
755 2865 888 2924 maturo
910 2881 1045 2948 egressu
1066 2865 1298 2946 proeesserrmt
1320 2868 1355 2926 et
1377 2861 1498 2924 simul.⁴

445 2960 594 3047 shamque
627 2961 796 3026 venissent
829 2961 864 3024 in
899 2983 991 3025 mora
1016 2961 1118 3046 juxta
1150 2961 1349 3038 Anandiam,
1381 2961 1496 3026 ineolae

276 3087 377 3139 Atura
444 3063 590 3148 ejusdem
621 3062 739 3148 patriae
773 3062 914 3128 adunati
937 3062 1108 3128 venientes
1140 3063 1411 3149 improperabant
1440 3063 1497 3137 eis,

275 3154 426 3270 {ffissngabi'
444 3172 601 3231 vocantes
623 3187 678 3229 eos
701 3185 797 3230 canes
819 3163 978 3230 caudatos
1001 3177 1035 3230 et
1058 3186 1127 3249 prae
1150 3165 1318 3250 paucitate
1342 3186 1397 3228 eos
1420 3186 1497 3229 con·

275 3285 343 3351 spise
354 3237 431 3338 tiam.
446 3271 640 3344 temnentes,
662 3287 701 3332 eo
733 3266 820 3352 quod
845 3266 1014 3352 pedestres
1039 3267 1092 3331 sui
1124 3265 1221 3353 longe
1252 3271 1349 3333 erant
1381 3266 1496 3331 abeis

445 3369 597 3454 separati.
643 3369 697 3432 Ad
731 3367 803 3434 haee
824 3372 937 3433 eutem
971 3367 1187 3434 exhortantes
1208 3391 1243 3434 se
1274 3369 1381 3434 nostri
1403 3367 1495 3432 adin-

444 3471 550 3536 vicem
584 3469 749 3558 congressi
783 3475 863 3535 sunt
896 3491 972 3537 eum
1009 3469 1072 3536 hae
1109 3469 1325 3537 multitudine
1363 3492 1495 3559 magna.

445 3571 489 3637 Et
511 3571 603 3638 eaesis
638 3571 836 3656 quibusdem
859 3570 1003 3658 reliquos
1034 3572 1070 3636 in
1093 3571 1207 3660 fugam
1240 3577 1496 3650 eonverterrmt3

444 3673 741 3759 concluseruutque
779 3695 834 3738 eos
879 3673 915 3737 in
953 3674 1097 3759 quodam
1139 3674 1288 3754 marisco,
1325 3695 1496 3761 quousque

276 3781 412 3898 amuo-
444 3776 615 3842 venientes
654 3775 821 3860 pedestres
842 3774 1058 3842 oeciderunt⁶
1090 3797 1132 3840 ex
1170 3777 1217 3841 eis
1254 3797 1315 3843 ree
1353 3782 1388 3841 et
1425 3776 1494 3861 viij.

275 3915 431 4031 tttt
444 3879 647 4046 tt‘ttt
661 3875 1496 4066 qtttdt‘effittttttttttqt

444 4082 542 4147 villas
565 4082 686 4147 ibidem
722 4080 813 4144 infin
836 4080 959 4145 limites
981 4081 1213 4166 parochiarum
1248 4081 1289 4146 de
1312 4081 1494 4168 Gysborne‚

275 4201 331 4276 'rho
344 4203 413 4267 mg-
443 4191 476 4249 et
508 4185 643 4250 tandem
678 4183 800 4250 reversi
833 4189 912 4247 sunt
946 4183 1133 4248 Karliolum
1165 4185 1201 4247 in
1224 4183 1341 4271 vigilia
1373 4182 1494 4250 natalis

274 4266 423 4385 terte
446 4351 465 4357 .-
831 4347 837 4351 -
1022 4348 1442 4356 -----------
1481 4349 1491 4354 -

476 4431 483 4464 ¹
502 4431 584 4482 There
595 4430 617 4480 is
637 4445 670 4480 no
683 4431 755 4480 mark
767 4428 795 4490 of
809 4443 825 4478 a
836 4429 943 4492 chapter
1028 4429 1038 4462 ³
1056 4431 1125 4496 wan]
1140 4430 1239 4480 written
1251 4431 1393 4483 twiceover
1401 4432 1426 4481 in
1438 4434 1494 4484 MS.

443 4511 468 4560 in
480 4509 561 4560 either
572 4511 637 4570 MS„
649 4509 693 4559 but
713 4508 775 4558 both
795 4508 860 4558 have
871 4507 916 4558 the
929 4509 942 4556 1
1027 4509 1037 4540 ⁴
1053 4509 1135 4571 simut,
1148 4511 1197 4567 aa
1214 4509 1337 4570 similiter,
1349 4511 1405 4561 MS.

443 4587 608 4638 illuminated.
1026 4588 1037 4619 ⁶
1054 4589 1123 4640 uere
1140 4605 1173 4639 on
1186 4591 1248 4640 heth
1260 4590 1405 4654 marginata
1423 4591 1495 4642 Serti

476 4667 486 4698 ἱ*
504 4668 571 4718 Here
592 4682 625 4715 on
638 4665 699 4716 beth
711 4665 821 4731 margine
834 4665 855 4714 is
875 4664 942 4714 Car·
994 4667 1142 4717 occidantur
1155 4669 1226 4734 apud
1238 4668 1395 4720 Aradium,

442 4745 556 4796 tielenses
567 4747 687 4809 feceruut
706 4744 808 4811 proednr
831 4745 856 4793 ἐκ
876 4743 944 4793 volte
970 4790 973 4823 Ι

444 4826 578 4879 Anandioe.
968 4840 973 4876 t
