3625 5784
566 889 838 944 aurossrasnsis
862 889 1073 943 canonicor.
1289 880 1349 949 171

301 1094 319 1118 “
343 1097 498 1166 postquam
531 1093 671 1149 liberatus
705 1099 781 1150 esset
815 1092 929 1165 jugiter
965 1091 1163 1158 cboumrallo,
1202 1089 1353 1164 potissime

299 1181 316 1206 ‘·'
341 1183 418 1239 eirea
440 1183 537 1240 cubile
559 1180 624 1255 ejus
645 1189 677 1241 et
699 1183 777 1240 circa
810 1183 962 1240 thesauros
995 1180 1058 1254 ejus
1088 1198 1161 1254 quos
1186 1180 1272 1236 eride
1304 1197 1351 1236 re·

302 1273 320 1297 ‘⁶
345 1273 473 1328 condit.”
520 1273 588 1329 Hiis
610 1275 698 1330 dictis
720 1273 836 1330 daemon
859 1272 1013 1346 disparuit,
1036 1270 1176 1327 ethome
1207 1270 1258 1326 ille
1282 1288 1351 1327 eon·

300 1363 432 1430 fortatus,
449 1363 569 1419 dimisso
585 1363 689 1419 itinere
704 1363 829 1429 intento,
846 1361 1075 1420 Oenomanniam
1089 1360 1215 1427 rediens,
1225 1359 1352 1416 Ricardo

300 1453 363 1523 regi
386 1471 452 1525 quae
475 1453 608 1510 audierat
629 1454 741 1521 retulit,
757 1457 845 1525 ceput
867 1471 952 1508 suum
975 1453 1137 1508 ustulatum
1160 1449 1299 1517 ostendit,
1321 1453 1353 1506 et

300 1560 351 1598 rex
375 1560 405 1598 ee
427 1543 560 1599 correxit.

347 1631 432 1687 (tirou
469 1633 522 1689 hos
559 1633 621 1689 dies
666 1632 816 1688 Hubertus
858 1631 1077 1688 cantuariensis
1115 1629 1350 1703 archiepiscopus

302 1714 500 1794 apostolicas1
532 1727 562 1779 et
591 1722 686 1794 regias
709 1723 787 1779 vices
814 1721 845 1777 iu
870 1720 981 1794 Anglia
1010 1734 1124 1793 gerens,
1152 1726 1268 1776 mortuo
1287 1719 1350 1791 jem

304 1813 477 1868 Eboraoensi
521 1811 747 1884 archiepiscopo,
794 1811 957 1868 Eboracum
1002 1811 1076 1867 adiit
1120 1817 1151 1867 et
1195 1809 1350 1866 consilium

303 1901 469 1958 celebrarit.

348 1991 432 2047 Circa
453 1993 507 2047 hos
530 1991 591 2047 dies
624 1992 681 2047 duo
714 1996 799 2048 erant
831 1990 882 2063 qui
911 1991 977 2063 pari
999 1991 1146 2062 proposito
1168 1990 1219 2047 sed
1241 1989 1352 2062 dispari

303 2098 389 2136 causa
423 2081 574 2138 commoda
608 2081 689 2152 regia
722 2099 851 2154 quarere
882 2080 1067 2148 videbantur,
1099 2081 1187 2137 abbas
1224 2097 1352 2152 namque

304 2170 490 2226 Gadomeneis
535 2171 667 2226 fraudem
715 2170 882 2226 officialium
935 2170 1083 2242 regiorum
1128 2170 1207 2243 apud
1251 2187 1351 2240 regem

303 2261 461 2332 culpabet3
486 2260 608 2332 ideoque
642 2261 828 2316 insolentiam
851 2277 952 2318 eorum
983 2279 1050 2316 cnm
1084 2260 1181 2332 quiete
1203 2259 1351 2332 provinci-

304 2351 393 2406 alium
431 2350 631 2422 castigandam
669 2351 730 2406 fore
762 2350 905 2406 censebat.
962 2339 1151 2406 Willelmus²
1183 2367 1252 2406 vero
1284 2367 1351 2407 cum

305 2439 392 2511 longa
436 2440 524 2496 barba
562 2439 748 2496 insolentiam
786 2439 913 2496 divitum
959 2440 1010 2511 qui
1055 2439 1181 2512 propriis
1226 2440 1353 2496 fortunis

305 2535 453 2600 paroentes
500 2548 640 2602 pauperos
685 2531 844 2586 onerabant
886 2529 1002 2585 fortiter
1039 2529 1198 2586 accusabat.
1254 2528 1353 2600 Igitur

305 2623 423 2691 accepte
445 2625 587 2692 potestate
610 2621 697 2676 abbae
720 2621 858 2692 praelatus
875 2637 974 2674 mense
996 2619 1147 2675 Februarii
1170 2619 1353 2674 Londoniam

307 2709 397 2776 veuit,
436 2709 573 2781 praesides
611 2710 827 2782 provinciarum
861 2709 898 2764 ad
936 2709 1091 2764 ratiocinia
1124 2726 1176 2764 sue
1207 2708 1354 2764 reddenda

306 2797 437 2854 districte
461 2800 607 2865 convenit,
632 2800 682 2854 sed
713 2805 806 2854 morte
832 2805 1000 2871 preventus
1022 2797 1175 2853 Paschalia
1196 2798 1271 2853 festa
1292 2816 1353 2853 non

307 2887 389 2944 vidit.
444 2888 487 2944 De
522 2889 670 2946 Willelmo
709 2907 823 2961 quoque
860 2889 1039 2953 tradebatur,
1074 2886 1153 2960 quod
1191 2886 1353 2942 Londoniis

307 2982 367 3033 crat
390 2977 539 3045 oriundus,
563 2997 581 3034 a
602 2979 692 3034 barba
715 2977 826 3050 prolixa
849 2996 937 3051 quam
952 2977 1027 3032 fovit
1048 2995 1209 3048 cognomen
1231 2977 1353 3048 accepit,

308 3057 420 3138 quam³
442 3068 577 3135 nutrivit,
602 3074 636 3123 ut
658 3069 712 3124 tali
735 3067 846 3138 insigni
869 3068 901 3122 iu
936 3073 1014 3123 coetu
1045 3072 1076 3122 et
1098 3066 1237 3123 concione
1258 3065 1354 3138 magis

307 3158 478 3230 conspicuus
500 3162 531 3214 et
553 3157 718 3231 spectabilis
741 3163 899 3230 appareret.
949 3157 1005 3227 Qui
1037 3175 1104 3212 oum
1137 3160 1213 3212 essct
1235 3154 1354 3228 ingenio

307 3263 381 3314 acer,
404 3246 589 3305 mediocriter
622 3248 764 3314 literatus,
796 3249 935 3320 eloquens
969 3265 1056 3317 supra
1086 3246 1216 3312 modum,
1251 3245 1354 3301 innata

308 3336 432 3409 quadam
464 3337 556 3394 animi
590 3343 620 3394 et
658 3354 772 3394 morum
804 3335 968 3410 petulantis
1004 3354 1112 3392 nomeu
1149 3334 1204 3392 sibi
1243 3335 1354 3407 mande

306 3427 400 3483 faeere
421 3429 522 3484 volens
543 3426 641 3483 moliri
657 3445 734 3483 nora
755 3431 786 3482 et
808 3426 914 3484 audere
928 3426 1062 3498 ingentia
1076 3427 1173 3499 coepit
1220 3426 1353 3497 Denique

306 3516 465 3573 inhumana
487 3521 518 3572 et
540 3515 695 3590 impudens
727 3515 790 3588 ejus
824 3517 900 3573 aetio
931 3516 964 3571 in
995 3516 1146 3588 proprium
1179 3532 1353 3587 germanum

306 3606 420 3678 signum
445 3611 520 3664 esset
541 3606 667 3664 reeuuiae
689 3605 752 3678 ejus
783 3606 814 3660 in
848 3605 986 3672 creterie3
1008 3623 1080 3661 nam
1101 3606 1221 3662 fratrem
1243 3595 1354 3662 suum*

307 3695 537 3753 Londoniensem
561 3697 655 3754 civem
688 3695 739 3769 qui
762 3714 828 3752 eum
867 3696 899 3750 in
931 3696 1039 3751 scholis
1070 3694 1251 3761 exhibuerat,
1274 3683 1355 3767 apud

306 3803 404 3857 regem
420 3792 574 3859 ¹tanquam
606 3786 696 3858 regias
730 3785 905 3858 proditionis
937 3803 1029 3853 reum,
1053 3802 1106 3858 pro
1129 3803 1163 3840 eo
1185 3784 1263 3857 quod
1288 3802 1356 3857 pro·

307 3875 415 3931 fusiora
437 3877 524 3932 solito
539 3881 711 3949 sumptuum
726 3875 829 3932 solatia
846 3893 903 3931 uon
919 3875 1095 3942 refunderet,
1113 3874 1255 3931 instanter
1270 3892 1356 3931 uocu-

307 3966 394 4022 sebat.
442 3967 500 4022 Sed
522 3965 655 4038 quamvis
677 3986 695 4021 a
717 3964 849 4038 principe
873 3965 904 4020 in
927 3965 982 4020 hoc
1005 3965 1117 4021 derisus
1139 3964 1240 4030 fuerit,
1257 3965 1355 4020 serore

307 4056 486 4127 quorundam
503 4045 622 4124 [inter]⁵
644 4055 833 4126 magistratus
857 4053 1075 4110 Londonienses
1098 4055 1195 4110 locum
1216 4053 1354 4126 optinuit.

306 4144 437 4219 Denique
452 4144 632 4202 clandestina
647 4163 733 4217 opera
749 4151 780 4200 et
794 4143 945 4200 venenatis
961 4133 1117 4217 suspiriis⁰
1139 4142 1217 4215 apud
1240 4142 1356 4215 plebem

338 4467 345 4502 ι
363 4467 703 4536 “pomp-0113,stomffigd·3
722 4465 804 4534 appu,
854 4442 900 4492 but
924 4440 996 4492 there
1018 4455 1061 4491 are
1080 4445 1162 4490 traces
1180 4437 1211 4489 of
1225 4437 1269 4490 the
1287 4453 1356 4491 same

304 4549 440 4610 mim·
855 4522 1048 4658 villiano.
1061 4598 1140 4665 trigo.

336 4653 435 4706 πΗετο
464 4653 491 4704 in
520 4654 578 4706 Ms.
602 4669 635 4705 ou
658 4651 756 4716 margin
784 4650 805 4701 is
888 4677 999 4744 imm]
1021 4677 1176 4745 ejuffilfigd,

312 4731 452 4784 Willelmne
469 4733 716 4799 cumlonqotcrto.
751 4731 805 4782 The
888 4757 994 4807 symm
1007 4755 1085 4806 nied,

306 4813 403 4881 margin
415 4813 443 4864 ol
455 4813 489 4864 A.
501 4812 523 4864 is
534 4812 611 4875 mueh
622 4811 722 4878 injured
735 4812 805 4871 bere,
888 4837 898 4870 e
915 4799 1129 4904 Wrrfgfifigd,
