3625 5784
432 879 499 943 102
720 923 725 931 .
785 891 932 940 usurum
956 887 1140 939 uersuros

434 1089 569 1146 wlstano
599 1092 717 1143 enatus
752 1103 819 1142 eum
852 1103 954 1158 paoem
987 1083 1163 1157 repudiaret,
1195 1085 1304 1142 iterum
1337 1089 1368 1142 et
1400 1085 1489 1142 tertio

434 1182 568 1252 arreptus
599 1181 643 1234 est
666 1177 703 1234 eb
724 1177 808 1233 hoste
840 1193 988 1249 quousque
1022 1173 1160 1231 offensem
1196 1175 1366 1232 dimitteret.
1413 1174 1488 1232 (lum

435 1268 593 1342 eliquendo
615 1267 765 1323 Wlstenus
794 1283 813 1322 u
834 1265 999 1322 Irsnfrsnoo
1032 1263 1249 1338 archiepiscopo
1272 1283 1359 1338 super
1389 1265 1489 1322 litere-

436 1364 513 1416 turo
528 1357 735 1414 insufficientis
749 1361 780 1412 et
803 1345 889 1425 [ob]1
904 1355 1034 1411 Aldnedo
1049 1354 1183 1428 episeopo
1206 1355 1381 1412 Eboreuensi
1403 1373 1490 1429 super

437 1448 616 1521 subjeetione
638 1446 778 1502 oenoniou
800 1447 999 1519 impeteretur,
1015 1445 1067 1500 ille
1089 1444 1232 1516 petatium
1252 1463 1385 1516 egressus
1407 1446 1490 1518 prius

437 1540 540 1594 horem
573 1554 681 1593 nonum
715 1553 781 1608 que)
802 1553 821 1591 u
851 1541 930 1591 retro
962 1539 1025 1591 eret
1047 1523 1217 1606 perdicere²
1238 1535 1362 1602 oeusuit,
1385 1540 1417 1592 et
1448 1535 1491 1592 sio

439 1628 569 1684 animose
590 1630 739 1682 revertens
761 1627 794 1680 in
816 1642 903 1681 oense
926 1641 978 1680 sue
1000 1623 1137 1696 optinuit.

481 1716 616 1772 Alwinns
631 1715 751 1788 quidem
765 1714 843 1786 opud
858 1714 966 1771 seltum
982 1713 1152 1770 Melveruiae
1171 1713 1366 1770 eueehoritioe
1389 1713 1490 1772 vivens

438 1808 552 1864 afflatus
588 1810 634 1862 est
681 1804 839 1877 eliqusudo
885 1802 1029 1861 desiderio
1078 1803 1316 1877 lerosolymiteni
1365 1803 1489 1860 itineris.

438 1897 522 1966 Quod
554 1913 621 1952 oum
652 1893 787 1950 Wisteno
817 1895 969 1966 penderet,
1002 1893 1140 1948 dissuasit
1173 1893 1334 1966 episeopus,
1367 1894 1409 1950 sio
1443 1895 1489 1949 in-

438 1987 552 2059 quiens,
576 1983 718 2041 “Desiste
741 1983 822 2040 sodes
852 1983 988 2050 Alwine;
1020 1981 1104 2039 erede
1126 1983 1201 2038 mihi
1233 1984 1311 2055 quod
1344 1983 1491 2040 mirareris

440 2077 459 2102 “
484 2075 510 2130 si
532 2073 620 2130 soiree
643 2091 709 2146 quse
731 2091 784 2145 per
805 2079 835 2128 te
858 2073 936 2129 Deus
971 2072 1010 2129 sit
1041 2072 1199 2128 Γωοῦιπιιε.Η
1250 2073 1305 2129 Ille
1337 2091 1405 2130 vero
1439 2073 1490 2128 sd·

440 2165 590 2238 quieseeus
612 2161 745 2219 disoessit
766 2169 797 2219 et
819 2162 1009 2234 oongregsvit
1031 2161 1155 2232 triginta
1184 2163 1342 2218 monachos
1372 2163 1404 2218 in
1426 2162 1491 2220 loeo

440 2255 500 2311 illo.
545 2253 630 2310 Alter
661 2252 781 2325 quidem
812 2253 936 2309 sewlfus
969 2251 1139 2323 negociator
1169 2252 1240 2306 dum
1271 2251 1378 2324 saepius
1408 2253 1491 2323 qussi

438 2343 540 2401 eedem
561 2348 680 2416 peruste
702 2341 835 2398 Wlstsno
857 2342 1007 2414 penderet,
1032 2341 1108 2396 dixit
1129 2341 1291 2414 episeopus,
1316 2343 1390 2398 “Ut
1407 2341 1492 2398 video

439 2432 460 2463 “
485 2432 666 2505 oportunitate
688 2431 763 2499 istit¹
781 2432 934 2498 iatronem,
951 2430 1016 2487 ideo
1032 2423 1155 2488 consulo¹
1172 2436 1206 2486 ut
1229 2432 1281 2486 fies
1302 2422 1491 2488 monwhus.’'

439 2522 515 2580 (lum
529 2521 622 2594 igitur
637 2522 688 2577 ille
702 2539 756 2594 pro
777 2521 875 2593 rigore
897 2521 969 2578 viter
984 2521 1039 2576 hoo
1053 2526 1198 2588 renueret,
1216 2522 1234 2547 ‘⁶
1247 2521 1362 2586 Vade,”
1383 2521 1490 2593 inquit,

440 2609 542 2684 “quis
562 2611 722 2667 mouuehus
751 2611 804 2666 fies
834 2611 909 2667 velis
930 2611 1036 2666 nolis.”
1082 2610 1166 2680 Quod
1188 2611 1231 2668 sio
1254 2611 1387 2682 oontigit.
1434 2612 1493 2667 Hio

438 2702 509 2758 dum
531 2701 679 2774 quondum
711 2700 843 2773 eiunrpni
877 2700 923 2756 sui
955 2699 1091 2756 Nioholsi
1121 2705 1210 2772 esput
1240 2701 1383 2773 palparet,
1415 2701 1493 2773 quod

440 2792 530 2847 etiem
559 2790 592 2845 in
620 2791 777 2862 juventute
798 2790 958 2846 oslreeoere
981 2794 1118 2861 coeperet,
1142 2790 1185 2846 uit
1216 2790 1253 2845 ud
1275 2807 1352 2856 enm,
1386 2791 1493 2846 “Puto

442 2879 460 2908 ‘⁸
477 2881 522 2936 dli
537 2881 614 2953 quod
629 2881 688 2937 eito
702 2881 803 2936 sulvus
818 2871 901 2935 oris.'’
940 2879 982 2934 At
998 2879 1057 2937 ille.
1088 2881 1107 2906 “
1120 2879 1213 2949 Quore
1229 2879 1321 2952 igitur
1336 2884 1419 2952 peter
1433 2899 1492 2936 nou

442 2970 592 3027 “detines
613 2970 709 3026 oriues
739 2969 843 3027 meosl
857 2970 875 2995 '’
922 2968 977 3025 Oui
1000 2967 1159 3042 episeopus.
1207 2969 1225 2995 ‘¹
1238 2969 1330 3026 Orode
1351 2969 1427 3025 mihi
1449 2970 1492 3025 fili

442 3063 462 3088 “
479 3059 619 3133 quamdiu
633 3059 734 3116 vixero
748 3058 857 3115 residui
872 3058 973 3131 oepilli
988 3075 1049 3115 non
1064 3057 1229 3115 deficient.”
1267 3059 1307 3114 Et
1322 3060 1433 3116 fuctum
1448 3065 1494 3116 est

441 3156 476 3206 ut
498 3150 551 3206 ille
579 3149 762 3206 hebdomade
799 3165 857 3220 qus
890 3147 964 3204 obiit
1001 3147 1153 3221 episeopus
1185 3165 1284 3204 omnes
1322 3148 1377 3220 pili
1411 3149 1493 3205 illius

441 3239 578 3296 Nioholei
600 3238 770 3305 defluerent,
792 3237 903 3294 nudum
926 3243 1023 3294 eutem
1045 3237 1230 3310 reliquentes.
1275 3239 1346 3296 Post
1368 3245 1493 3296 mortem

441 3328 569 3384 Wlstsni
592 3345 659 3384 oum
688 3332 752 3383 tote
774 3327 896 3384 eoelesiu
917 3327 1041 3393 arderet,
1065 3328 1245 3384 mausoleum
1267 3327 1330 3399 ejus
1359 3347 1413 3384 nee
1436 3329 1495 3384 luit

442 3417 568 3488 fuligine
600 3417 727 3473 tinctum
758 3435 813 3472 nee
843 3416 946 3472 saville
978 3421 1120 3488 opertum.
1167 3416 1269 3474 Simile
1303 3417 1428 3490 contigit
1458 3419 1495 3474 de

442 3512 536 3562 mette
563 3523 651 3581 super
681 3525 739 3578 qus
770 3523 852 3562 orere
885 3506 1004 3562 solebat.
1051 3507 1156 3562 Fertur
1187 3506 1224 3562 de
1254 3525 1288 3562 oo
1319 3507 1396 3578 quod
1426 3525 1494 3564 oum

441 3614 493 3653 rex
515 3596 682 3652 willelmus
711 3601 884 3668 conquestor
915 3600 1034 3668 propter
1065 3596 1225 3652 literature
1258 3596 1494 3654 insufficientium

442 3693 474 3741 et
497 3685 618 3742 Gellius)
641 3685 751 3768 lingum
773 3685 933 3742 serentium
960 3703 1027 3742 eum
1057 3685 1172 3758 privure
1195 3686 1371 3753 intenderet,
1395 3692 1430 3742 ut
1453 3687 1495 3743 sie

443 3775 571 3847 aliquem
609 3775 814 3830 Normennum
852 3775 1113 3842 subintroduceret,
1151 3775 1202 3831 illo
1240 3780 1355 3848 urrepto
1391 3777 1495 3833 baculo

443 3883 497 3920 suo
519 3863 667 3937 pastorali,
690 3863 729 3920 sd
750 3864 839 3938 pedes
861 3865 957 3921 seneli
979 3864 1116 3920 Edwardi
1137 3865 1217 3936 regis
1239 3883 1333 3937 nuper
1356 3867 1495 3923 tumuisti

442 3953 573 4021 weessit,
605 3954 741 4010 beoulum
774 3954 805 4010 in
837 3953 931 4010 solide
963 3959 1047 4025 petre
1077 3953 1121 4010 ite
1154 3954 1257 4010 defixit
1290 3961 1325 4009 ut
1362 3975 1380 4012 s
1413 3957 1495 4012 nulio

442 4048 541 4116 posset
573 4043 670 4110 evelli,
702 4043 795 4101 donee
828 4044 880 4100 ille
910 4045 948 4100 ed
974 4043 1053 4116 regis
1084 4049 1222 4116 rogatum
1256 4035 1416 4101 beculum³
1449 4065 1497 4102 re·

443 4137 577 4190 sumeret
637 4133 759 4190 Dixeret
806 4138 906 4190 eutem
953 4133 1017 4206 regi
1062 4133 1211 4191 willelmo
1248 4133 1320 4189 dum
1357 4135 1493 4192 buoulum

442 4224 557 4294 figeret,
588 4223 727 4281 “Melior
751 4229 782 4280 te
802 4224 883 4280 huno
905 4222 981 4279 mihi
1004 4221 1096 4290 dedit,
1120 4223 1221 4282 uniet
1251 4223 1379 4294 retndo,
1403 4227 1496 4284 evelle

443 4315 463 4342 Η
486 4313 513 4370 Εἰ
535 4313 673 4386 potestus„

479 4660 488 4693 ¹
506 4661 583 4710 From
595 4657 674 4726 nige.
1027 4655 1038 4690 ¹
1054 4659 1096 4711 On
1116 4659 1178 4710 both
1197 4657 1321 4724 margins,
1341 4658 1385 4710 De
1407 4657 1498 4710 baculo

478 4740 489 4774 ²
503 4741 652 4805 predicere,
664 4738 744 4806 Higd.
1003 4734 1177 4802 ertunifire
1189 4736 1325 4804 inlepide.
