3625 5784
599 828 870 879 nsrossmmsm
894 829 1106 879 osnomcon.
1319 813 1384 878 203

330 1020 465 1086 oomites
487 1024 523 1086 et
544 1019 691 1098 barones,
713 1025 750 1086 et
771 1019 977 1106 apprehenso
1006 1039 1110 1105 puero
1141 1017 1288 1082 Henrieo
1310 1016 1380 1081 filio

330 1125 415 1209 mgis
437 1123 600 1188 Johennis
635 1124 692 1209 qui
723 1122 871 1188 nondum
903 1122 1015 1188 ostatis
1049 1142 1117 1188 snae
1151 1121 1214 1185 ixm
1246 1141 1373 1186 annum
1395 1119 1533 1236 {Whlof

332 1225 560 1311 compleverat,
593 1227 716 1291 statuit
755 1247 831 1290 eum
863 1224 900 1290 in
933 1224 1042 1290 medio
1075 1245 1187 1288 eorum
1210 1227 1245 1289 et
1278 1223 1378 1299 dixit,
1394 1203 1506 1304 ωὲτξζζ]

333 1335 350 1362 “
373 1327 455 1394 Eoee
477 1349 537 1394 rex
560 1327 697 1393 vester.”
755 1327 963 1413 Adjeeitque,
986 1325 1187 1392 “Uerissimi
1217 1325 1293 1402 mei,
1316 1325 1382 1390 etsi
1395 1321 1528 1398 obsutum

335 1435 353 1464 “
376 1434 505 1516 petrem
542 1430 639 1494 istius
676 1434 811 1516 propter
849 1429 938 1495 mola
971 1428 1043 1514 ejus
1080 1449 1180 1513 opera
1216 1401 1547 1514 perseeuti⁸¹¹⁰⁰⁰⁸⁸¹⁰¹¹⁸

333 1537 351 1568 “
374 1554 495 1610 sumus,
533 1537 568 1597 et
608 1533 709 1619 juste,
755 1532 819 1597 iste
864 1535 977 1596 tomen
1015 1553 1098 1617 puer
1144 1531 1304 1617 parvulus
1349 1534 1384 1594 et

334 1641 351 1668 “
374 1635 531 1699 innocens
554 1639 605 1699 est
628 1634 670 1698 eb
685 1633 839 1720 operibus
854 1634 968 1720 petris.
1007 1633 1196 1719 Verumque
1211 1636 1383 1719 peceatum

337 1741 411 1802 “et
442 1735 539 1822 eulpa
573 1758 648 1801 suos
682 1735 786 1821 ligare
825 1735 948 1801 debent
983 1740 1119 1813 eotores,
1151 1740 1186 1801 et
1214 1735 1251 1799 in
1282 1734 1384 1800 verbo

334 1845 352 1873 “
375 1837 511 1915 domini,
555 1837 644 1902 filius
690 1859 758 1902 non
810 1837 959 1923 portabit
1005 1837 1219 1925 iniquitatem
1268 1837 1380 1923 patris.
1397 1837 1513 1890 'l'heson

339 1946 357 1977 “
383 1940 627 2027 Ignoseendum
659 1945 711 2004 est
741 1939 880 2026 parvulo
914 1939 972 2004 isti
1006 1944 1040 2004 et
1073 1945 1196 2004 teneres
1227 1906 1512 2025 compati-{Q

335 2049 354 2080 ‘⁴
379 2043 503 2108 endum
528 2044 631 2109 setsti.
677 2041 799 2110 Nune1
822 2047 935 2108 nutem
958 2043 1037 2129 quia
1058 2042 1147 2109 filius
1169 2042 1255 2129 regis
1277 2047 1329 2108 est
1351 2047 1385 2107 et
1397 2036 1557 2154 “affinis

162 2143 310 2208 Twysmol.
336 2152 353 2180 “
377 2145 513 2210 iuturus
547 2145 706 2210 dominus
738 2147 850 2210 noster
880 2145 1047 2232 regnique>
1069 2167 1240 2223 successor,
1262 2119 1487 2222 renituisse}

159 2214 239 2262 ,Μ’
338 2253 353 2281 “
378 2251 413 2312 et
435 2247 679 2312 constituemus
702 2268 778 2312 eum
810 2246 904 2311 nobis
927 2247 964 2311 in
985 2268 1095 2334 regem
1118 2252 1152 2312 et
1174 2247 1343 2332 ejiciemus
1364 2263 1514 2313 emtus

335 2354 353 2384 “
378 2353 466 2413 terra
499 2347 634 2414 nostre2
668 2347 880 2414 Lodowieum
915 2348 1020 2412 filium
1051 2348 1138 2434 rogis
1171 2348 1320 2413 Froneiae
1351 2331 1510 2459 iiffide

335 2457 352 2486 “
375 2455 508 2536 gentem
531 2472 634 2528 susm,
649 2449 902 2535 auferemusque
919 2450 1129 2536 opprobrium
1151 2455 1248 2516 tenne
1262 2456 1385 2515 nostrae
1397 2463 1487 2539 fleury

339 2559 358 2587 “
383 2557 418 2617 et
441 2553 668 2639 dirumpamus
694 2553 816 2639 jugum
849 2551 1021 2616 servitutis
1042 2551 1193 2637 iniquos?
1237 2552 1293 2616 Ad
1314 2529 1529 2645 haeoffiffgffi}

336 2675 443 2720 eomes
482 2653 704 2720 Gioueestriae.
766 2662 783 2689 “
798 2653 843 2719 Et
880 2653 1043 2739 quomodo
1085 2654 1267 2740 poterimus
1310 2654 1383 2720 haeo
1395 2661 1498 2752 Fronqu

336 2763 354 2790 “
377 2756 513 2822 faeere?
573 2755 773 2821 Vooovimus
807 2754 896 2820 enim
933 2776 1010 2819 oum
1047 2760 1083 2820 et
1119 2755 1316 2820 fidelitatem
1354 2754 1384 2820 ei
1397 2743 1476 2794 away.

335 2863 351 2891 “
374 2856 538 2922 fecimus.”
584 2854 648 2922 Oui
670 2856 736 2934 ille,
753 2855 984 2934 “Possumus''
1007 2855 1127 2942 inquit,
1142 2860 1204 2921 “ot
1219 2857 1384 2933 debemus,
1397 2870 1453 2920 The
1464 2885 1537 2934 ques

337 2965 353 2993 “
378 2959 535 3043 quoniam
558 2957 777 3023 fidelitatibus
808 2957 931 3022 nostris
964 2958 1087 3022 abusus
1110 2962 1169 3036 est,
1191 2958 1385 3024 vooevimus
1398 2937 1545 3054 mim

337 3067 353 3095 “
379 3061 468 3126 enim
491 3081 566 3126 eum
591 3065 625 3125 et
647 3060 802 3124 volumus
825 3080 900 3124 eum
923 3060 1114 3145 praefecisse,
1135 3060 1193 3125 sed
1214 3061 1251 3125 in
1274 3083 1386 3147 super·
1399 3069 1558 3122 Gloucester.

337 3168 353 3197 “
377 3163 467 3227 biam
496 3163 566 3248 jum
601 3167 726 3228 erectus
761 3162 888 3248 sprevit
911 3167 946 3226 et
968 3163 1119 3248 despexit
1149 3183 1218 3240 nos,
1241 3167 1276 3228 et
1297 3159 1387 3227 nisi⁸

337 3265 597 3330 “dimiserimus
630 3288 706 3330 eum
729 3265 775 3331 sio
808 3266 981 3330 subvertet
1011 3270 1047 3329 et
1080 3269 1202 3330 terram
1231 3271 1387 3344 nostram,

335 3374 435 3433 “nos
474 3369 660 3454 erimusque
695 3368 790 3454 qussi
825 3367 1039 3454 opprobrium
1070 3367 1242 3434 hominum
1274 3373 1309 3434 et
1329 3368 1388 3434 ab·

335 3476 353 3504 “
372 3471 475 3556 jectio
497 3469 604 3556 plebis
619 3469 714 3535 suae.'’
760 3469 815 3533 Ad
837 3469 907 3534 haeo
932 3470 1025 3556 quusi
1048 3468 1212 3535 divinitus
1232 3470 1387 3558 inspirati

336 3571 585 3637 oonolamabant
623 3591 743 3648 omnes,
782 3569 887 3636 “Fiet
921 3571 976 3649 sio,
1011 3570 1072 3636 iiut
1105 3593 1174 3650 rex,
1207 3571 1268 3637 fiet
1299 3571 1386 3639 roff
1400 3559 1547 3613 mewhols

282 3663 285 3668 ’
335 3671 599 3760 Stotuernntque
621 3673 709 3738 diem
733 3673 953 3738 coronationis
968 3694 1036 3738 suso
1061 3673 1149 3739 diem
1173 3631 1558 3772 sanctorumffliffdgihe

334 3777 557 3862 apostolorum
581 3775 726 3841 Simonis
760 3779 795 3841 et
816 3773 927 3842 dudae.
973 3775 1048 3856 Quo
1078 3775 1133 3841 die
1164 3776 1276 3863 epud⁶
1310 3763 1536 3842 Glonii'kmss·

334 3879 483 3944 verniom
503 3883 679 3945 coronatus
702 3883 753 3943 est
775 3882 810 3943 et
831 3879 868 3942 in
889 3900 1000 3966 rogem
1023 3884 1232 3945 oomeoretus
1254 3883 1384 3946 estante

332 3982 574 4069 archiepiscopo
597 3980 831 4047 Cantueriensi
855 3979 1026 4068 Stephano
1048 4003 1109 4068 per
1132 4003 1268 4047 manum
1292 3982 1381 4048 Galli

332 4085 521 4174 spostolioae
548 4083 635 4149 sedis
657 4083 767 4170 legati
822 4081 929 4170 Cujus
951 4084 1088 4150 oonsilio
1103 4089 1139 4149 et
1160 4083 1387 4150 admonitione
1400 4070 1473 4122 50¹⁸

1399 4137 1524 4191 orowned.

366 4333 478 4396 1Nunc,
492 4334 542 4396 A.;
560 4330 627 4392 Nec,
638 4331 697 4382 MS.
886 4330 1058 4382 abbreviation
1085 4331 1113 4381 in
1140 4332 1185 4383 tho
1212 4331 1321 4398 original
1347 4335 1390 4386 for

364 4415 529 4480 ’nostraque
562 4411 732 4478 opprobrium,
767 4409 834 4472 MS„
886 4415 1038 4471 sanctoruni,
1053 4408 1136 4460 whieh
1152 4410 1196 4462 the
1212 4410 1308 4463 sontes
1323 4415 1391 4465 heve

331 4493 456 4560 wrongly.
885 4489 966 4540 taken
976 4489 1016 4539 for
1027 4506 1082 4554 que.

364 4575 456 4640 ⁸nisi]
478 4573 508 4636 si,
520 4572 578 4624 MS.
590 4571 641 4622 end
653 4571 689 4620 A.
919 4567 1018 4634 ‘apud
1064 4566 1241 4636 Gloverniaur]
1292 4570 1391 4623 written

366 4651 553 4718 mandorum]
580 4649 702 4714 diemque,
728 4649 785 4700 MS.
810 4657 835 4699 et
885 4649 967 4699 above
978 4646 1022 4698 the
1031 4645 1083 4697 line
1093 4645 1121 4696 in
1132 4646 1167 4698 A.

332 4733 367 4784 A.
401 4727 835 4794 Theresppearstohsvebeenon
