3625 5784
623 912 892 963 sarcasmum-t
915 911 1126 965 CHRONICON.
1339 903 1404 964 215

352 1105 467 1164 delusit.
512 1107 555 1164 At
577 1106 710 1180 quamvis
739 1107 771 1163 in
803 1106 890 1164 sacris
912 1125 973 1163 non
1003 1107 1107 1164 fubset
1128 1115 1288 1181 promotus,
1311 1110 1405 1166 factus

353 1202 451 1253 tamen
485 1196 626 1268 magister
664 1197 697 1252 in
728 1196 839 1253 artibus
877 1197 984 1253 cotidie
1018 1197 1139 1253 missam
1172 1199 1283 1266 audire,
1318 1200 1405 1256 boras

353 1287 450 1342 dicere
473 1291 632 1358 autequam
656 1287 777 1358 legeret,
802 1289 964 1352 cousuevit,
988 1286 1067 1358 quod
1089 1293 1121 1342 et
1142 1288 1322 1344 scholaribus
1344 1291 1405 1345 suis

353 1377 463 1449 profuit
498 1375 569 1430 dum
600 1393 649 1431 eos
682 1378 784 1432 missas
816 1378 858 1432 sic
891 1376 992 1431 audire
1024 1377 1149 1433 edocuit.
1195 1377 1354 1434 Pecuniam
1386 1395 1405 1434 a

354 1465 511 1520 scolaribus
534 1470 684 1538 acceptam
708 1467 740 1520 iu
763 1466 892 1522 fenestra
914 1467 1021 1538 posuit,
1045 1466 1155 1534 dicens,
1181 1469 1200 1493 ‘⁴
1213 1467 1315 1522 Pulvis
1336 1469 1403 1540 pul·

356 1555 374 1580 “
398 1555 471 1619 veri,
488 1555 562 1609 ciuis
585 1556 676 1610 cineri
690 1555 719 1622 ;''
743 1573 809 1626 quse
832 1572 909 1626 saepe
932 1572 951 1610 a
972 1555 1058 1611 sociis
1077 1554 1155 1626 joco,
1178 1557 1226 1612 vel
1249 1574 1267 1611 a
1289 1557 1404 1614 furibus

353 1643 485 1699 clanculo
518 1644 729 1716 asportabatur.
775 1644 905 1700 Tandem
937 1661 1005 1699 cum
1036 1645 1251 1701 arithmeticam
1283 1647 1404 1717 legeret,

353 1733 489 1805 apparuit
512 1735 539 1788 ei
563 1738 658 1788 mater
680 1751 732 1789 sua
754 1735 786 1789 in
816 1735 946 1805 sompnis
970 1732 1081 1788 dudum
1102 1739 1228 1802 mortua,
1252 1736 1404 1807 inquirens

354 1827 384 1878 et
407 1823 566 1894 sciscitans,
586 1841 651 1894 quae
671 1829 767 1878 essent
786 1823 845 1878 illae
869 1823 972 1893 figurae
994 1823 1101 1894 quibus
1122 1824 1300 1880 intendebat.
1340 1825 1404 1895 Quo

353 1911 547 1982 respondente
584 1913 656 1966 talia
692 1917 722 1967 et
759 1913 839 1978 talia,
877 1912 929 1966 illa
966 1911 1101 1984 depingit
1142 1915 1173 1967 in
1210 1931 1302 1968 manu
1338 1913 1402 1984 ejus

354 1999 456 2055 dextra
478 2005 537 2056 tres
556 2001 688 2066 circulos,
710 2001 838 2068 Patrem,
862 2006 892 2055 at
915 2001 1034 2067 Piliam,
1055 2005 1086 2057 et
1104 2002 1249 2073 Spiritum
1271 2007 1404 2058 sanctum

354 2091 547 2146 continentes.
597 2093 615 2115 “
626 2090 714 2156 His‚”
737 2091 844 2162 inquit,
863 2091 882 2115 “
893 2089 946 2156 fili,
963 2090 999 2146 de
1014 2097 1120 2146 coetero
1136 2091 1256 2147 intende
1271 2083 1403 2163 figuris.'’

355 2179 433 2234 Raro
455 2181 487 2234 in
514 2180 636 2235 ccclesia
666 2179 752 2246 sedit,
784 2179 835 2234 sed
860 2183 914 2234 aut
946 2185 1038 2245 stans,
1070 2185 1123 2235 aut
1153 2198 1250 2252 genua
1283 2181 1405 2236 flectens

355 2269 493 2324 exoravit.
540 2269 577 2324 Iu
600 2268 694 2324 tribus
716 2269 881 2341 specialiter
911 2269 1029 2334 enituit,
1053 2287 1122 2324 nam
1145 2275 1209 2326 erat
1231 2269 1405 2342 predicator

355 2359 512 2428 egregius;
538 2357 702 2430 disputator
724 2359 907 2424 acerrimue;
933 2358 1024 2414 lector
1045 2359 1120 2430 pius.
1165 2359 1243 2415 Nam
1265 2361 1297 2414 in
1319 2360 1403 2414 falla·

356 2449 466 2501 ciarum
487 2447 737 2504 animadversione
755 2449 813 2502 fuit
829 2449 1068 2520 circumspectus,
1084 2449 1116 2502 in
1139 2447 1286 2503 solvendis
1308 2466 1404 2520 quass-

356 2537 483 2591 tionibus
521 2537 663 2601 oculatus,
711 2538 742 2591 in
780 2537 905 2607 legendo
952 2535 1151 2592 adificativus.
1205 2536 1271 2592 Prrs
1312 2539 1405 2592 nimia

355 2624 533 2680 abstinentia
555 2625 623 2696 pilis
646 2627 750 2697 capitis
772 2630 802 2681 et
819 2625 917 2681 barbae
936 2625 1136 2680 decidentibus
1156 2625 1234 2680 labia
1253 2623 1316 2697 ojus
1338 2627 1406 2682 tissa

354 2714 545 2781 videbantnr3
570 2715 678 2786 grossis
693 2719 778 2770 utens
793 2714 910 2770 cibariis
925 2716 1005 2770 omni
1021 2715 1093 2770 feria
1106 2713 1232 2769 secunda
1247 2719 1277 2769 ot
1292 2721 1406 2786 quarta,

355 2807 385 2858 et
408 2805 439 2857 in
464 2803 685 2876 Septuagesima
708 2823 726 2859 a
748 2803 884 2858 carnibus
905 2804 1076 2860 abstinebat.
1121 2803 1221 2858 Pridie
1251 2821 1309 2875 qua
1330 2804 1404 2859 cele-

358 2893 453 2948 bravit
476 2895 583 2964 etipse
599 2892 800 2949 celebrationis
812 2893 859 2948 die
874 2910 975 2948 carnes
989 2911 1048 2948 nou
1064 2894 1213 2962 gustavit3
1238 2892 1316 2947 uude
1331 2910 1405 2948 uou-

356 2999 510 3053 nunquam
533 2983 642 3037 mensis
665 2984 779 3053 integer
795 2983 965 3054 pertransiit
982 2998 1041 3053 quo
1063 2998 1164 3036 carnos
1186 2999 1246 3036 non
1269 2981 1405 3037 comedit.

358 3070 436 3126 Raro
470 3071 596 3126 comedit
627 3071 672 3126 bis
703 3073 734 3127 in
768 3070 825 3126 dic.
871 3072 1035 3126 Electuaria
1067 3077 1097 3126 et
1130 3070 1316 3126 medicinalia
1346 3089 1406 3126 non

359 3159 486 3215 curabat.
526 3160 562 3214 In
579 3161 710 3230 genubus
726 3178 761 3215 cx
777 3161 923 3232 frequenti
939 3159 1154 3230 geniculatione
1169 3160 1258 3214 callos
1271 3159 1406 3216 habebat.

359 3249 416 3304 Per
453 3249 583 3320 singulos
621 3248 682 3304 dies
719 3250 777 3304 tria
810 3249 885 3303 dixit
919 3249 1057 3304 horarum
1089 3250 1187 3320 paria:
1212 3247 1248 3303 de
1282 3248 1339 3314 die,
1371 3249 1407 3306 de

359 3337 493 3405 Domina,
520 3338 556 3393 de
588 3343 687 3394 sancto
721 3338 833 3411 Spiritu
868 3356 935 3393 cum
960 3337 1053 3393 officio
1079 3337 1293 3393 defunctorum.
1337 3338 1408 3394 Post

359 3427 486 3500 primum
518 3445 673 3499 sompnum
707 3427 743 3482 de
775 3432 861 3482 nocte
884 3443 1007 3498 surgens
1040 3429 1173 3500 synaxim
1205 3426 1327 3483 dicebat.
1375 3428 1407 3483 Si

336 3516 475 3604 'quando
499 3517 687 3572 detractionis
709 3518 832 3572 verbum
855 3518 886 3571 iu
909 3515 1039 3572 medium
1053 3518 1144 3581 venit,
1168 3521 1283 3572 mutato
1305 3519 1407 3572 statim

356 3606 486 3660 themate
509 3606 546 3660 ad
568 3608 719 3661 materiam
743 3607 861 3661 transiit
890 3607 1044 3661 saniorem.
1089 3605 1212 3660 Nullum
1234 3606 1405 3662 beneficium

356 3698 492 3752 curatum
514 3695 572 3750 nisi
596 3695 717 3750 unicum
740 3695 834 3750 voluit
855 3699 974 3762 tenere;
1000 3695 1095 3766 largas
1117 3712 1256 3767 expensus
1278 3696 1347 3752 fecit
1369 3715 1408 3751 uc

357 3801 461 3840 avarus
476 3784 628 3840 diceretur.
675 3778 944 3842 lVeritulatiouibus
959 3801 1112 3840 causarum
1126 3786 1266 3840 iuteresse
1287 3774 1406 3841 noluit.l

359 3873 490 3929 Curiales
513 3875 654 3930 seculares
677 3873 715 3928 ad
729 3891 859 3928 mensam
876 3872 996 3928 admisit
1010 3879 1044 3927 ut
1065 3892 1114 3928 eos
1136 3874 1191 3930 deo
1213 3873 1404 3930 lucrifaceret.

360 3962 495 4018 Officinas
526 3981 592 4018 suas
626 3979 770 4034 nusquam
801 3963 941 4018 visitavit.
987 3962 1161 4034 Compotum
1195 3963 1232 4018 de
1264 3965 1407 4018 ministris

190 4058 338 4123 Tryseol.
360 4069 420 4106 nou
444 4051 564 4108 audivit.
612 4051 682 4107 Plus
702 4069 815 4122 semper
835 4051 973 4123 expendit
993 4069 1080 4123 quam
1095 4052 1207 4106 habuit.
1245 4051 1273 4106 A
1288 4051 1406 4107 famulis

191 4133 266 4178 24³⁴.

362 4143 422 4196 suis
444 4143 540 4196 carnis
567 4141 743 4196 munditiam
766 4141 838 4197 adeo
869 4144 976 4211 exegit,
1009 4147 1044 4194 ut
1069 4161 1104 4195 ex
1127 4147 1213 4213 pacto
1235 4142 1406 4212 praecripto

362 4230 591 4302 quandocunque
621 4230 660 4285 ad
689 4230 800 4286 lubrica
823 4230 989 4285 laberentur
1018 4233 1136 4300 accepta
1166 4228 1296 4284 mercede
1327 4246 1407 4284 rece·

362 4318 472 4375 derant.
518 4319 663 4385 Decimus,
687 4319 847 4374 oblationes
871 4324 901 4374 et
924 4323 1109 4390 peccatorum
1139 4318 1354 4389 redemptiones
1375 4319 1406 4373 in

360 4409 425 4481 pios
447 4408 591 4464 duntaxat
614 4425 684 4464 usus
707 4408 894 4480 expendebat.
941 4406 1021 4463 Ante
1048 4424 1078 4461 se
1101 4405 1261 4477 imaginem
1282 4406 1409 4476 virginis

361 4503 391 4553 et
423 4499 454 4553 in
488 4498 614 4554 circuitu
641 4515 695 4554 suo
716 4499 889 4570 mysterium
912 4494 1122 4566 redemptionis
1143 4499 1252 4550 nostra
1286 4494 1410 4551 habebat

526 4742 534 4778 ¹
552 4741 612 4794 ‘l'bis
625 4749 742 4797 sentence
755 4741 774 4794 is
786 4740 891 4798 omitted
903 4741 929 4792 iu
942 4756 1018 4810 many
1031 4741 1107 4793 tiss.
1117 4740 1146 4792 of
1158 4739 1266 4809 lligden.
