3625 5784
427 818 491 883 266
774 836 923 886 ssumcr
946 836 1131 888 cursuros

426 1029 565 1091 ventum
609 1027 771 1113 reciperet
825 1027 868 1092 ad
914 1027 1162 1095 refocillandam
1207 1030 1351 1095 animam
1398 1030 1477 1115 ejus.

427 1126 619 1214 Vidensque
642 1129 854 1214 iniquitatem
876 1151 1000 1206 corum,
1022 1134 1057 1197 et
1080 1131 1168 1217 quod
1199 1132 1322 1198 multos
1345 1154 1387 1197 ex
1409 1132 1478 1197 suis

259 1251 368 1303 numm
421 1230 492 1317 jam
515 1232 726 1317 perimerent,
761 1238 795 1296 et
826 1253 894 1297 non
924 1234 1145 1300 torneamenti
1169 1234 1226 1299 sed
1241 1235 1376 1300 modum
1399 1234 1478 1299 belli

260 1316 397 1435 2¹31}ssth
426 1339 626 1410 exercerent,
649 1336 699 1400 ait
721 1334 798 1412 suis,
822 1342 839 1368 “
852 1334 930 1399 Jam
953 1336 1078 1400 nemini
1102 1342 1217 1423 parcat
1232 1336 1345 1403 oculus
1368 1342 1479 1402 vester

259 1452 329 1502 show
341 1466 374 1500 no
426 1444 443 1470 “
466 1436 524 1500 scd
546 1436 633 1501 sicut
647 1436 711 1523 ipsi
726 1437 821 1502 nobis
836 1436 972 1514 faciunt,
988 1438 1035 1503 sic
1058 1444 1092 1505 et
1115 1460 1174 1503 vos
1189 1439 1317 1504 faciatis
1329 1438 1480 1505 eisdem.’'

251 1532 346 1589 ‚¹1¹0ch
348 1554 353 1567 ·
428 1537 594 1623 Ingressi¹
617 1542 695 1603 sunt
718 1560 797 1624 ergo
818 1540 853 1602 in
877 1537 1041 1605 mortem²
1063 1540 1211 1617 aliorum,
1247 1547 1281 1606 ct
1315 1562 1357 1604 ex
1388 1540 1479 1605 omni

258 1649 388 1729 πείρᾳ·
426 1645 522 1725 partc
548 1639 658 1725 gladio
692 1641 881 1718 saevierunt,
915 1641 1104 1727 reversique
1137 1642 1305 1728 pedestres
1338 1663 1360 1707 a
1390 1641 1480 1707 caede

258 1732 382 1835 ffifm
428 1748 622 1809 caeterorum
660 1764 735 1807 cum
772 1744 934 1809 vidissent
970 1766 1012 1809 ex
1046 1744 1113 1807 suis
1151 1743 1273 1810 multos
1311 1744 1480 1823 corruisse,

258 1852 338 1901 battle
349 1846 379 1898 oc
427 1845 566 1930 ingressi
615 1850 694 1910 sunt
748 1846 905 1911 audacter
951 1844 1139 1911 conflictum
1186 1846 1400 1931 equestrium,
1445 1852 1480 1913 ct

256 1917 399 2036 ffim*
427 1948 617 2013 evisceratis
667 1947 865 2032 quibusdam
922 1968 964 2012 ex
1009 1950 1102 2035 equis
1152 1948 1333 2015 multorum
1378 1948 1479 2015 etiam

426 2049 567 2135 cingulis
589 2049 702 2115 incisis
723 2070 910 2115 ascensores
925 2072 1039 2115 eorum
1066 2051 1101 2114 in
1117 2054 1242 2115 terram
1265 2055 1478 2127 corruerunt;

426 2152 583 2237 deditque
640 2172 675 2214 se
714 2150 897 2215 Edwardus
938 2150 1097 2237 praedicto
1137 2152 1250 2217 comiti
1296 2152 1354 2237 qui
1399 2156 1480 2218 tunc

425 2253 578 2319 manibus
601 2273 735 2317 suorum
758 2252 907 2317 elevatus
923 2256 996 2318 erat
1011 2253 1047 2317 in
1063 2273 1195 2337 equum,
1218 2258 1253 2320 et
1275 2254 1333 2318 diu
1349 2274 1479 2339 quoque

424 2357 624 2443 fustigatum
657 2376 732 2421 cum
767 2377 801 2419 se
824 2354 939 2419 sedare
974 2354 1158 2419 Edwardus
1194 2354 1294 2420 vellat
1320 2375 1388 2420 non
1421 2355 1480 2420 ad·

425 2459 555 2545 quievit
585 2459 622 2522 in
656 2457 779 2542 primis,
802 2457 860 2521 sed
884 2478 959 2522 cum
990 2457 1165 2522 defecisset
1202 2456 1338 2522 tandem
1370 2458 1479 2522 virtus

425 2562 503 2647 ejus,
527 2583 570 2627 ex
601 2564 766 2645 praecepto
800 2558 960 2624 Edwardi
993 2560 1124 2624 cuidam
1159 2559 1258 2625 militi
1281 2559 1422 2645 simplici
1445 2580 1480 2625 sa

424 2664 574 2740 tradidit,
597 2667 631 2728 et
665 2661 826 2747 fugerunt
860 2662 972 2728 caeteri
1008 2661 1105 2726 multi
1140 2667 1174 2727 et
1208 2662 1243 2725 in
1268 2660 1382 2726 eodem
1409 2661 1480 2727 loco

257 2793 311 2842 une
425 2766 561 2852 plurimi
588 2769 793 2831 corruerunt.
839 2764 1041 2849 Revorsique
1056 2762 1162 2827 nostri
1179 2768 1316 2849 optenta
1331 2764 1479 2829 victoria

256 2860 370 2909 French-
426 2868 577 2954 Cumque
592 2866 722 2933 nostri³
737 2868 902 2951 quiescere
926 2866 1071 2931 securius
1086 2864 1266 2943 crederent,
1283 2866 1479 2932 nunciatum

255 2940 370 3041 ἔξω
425 2976 476 3037 cst
510 2970 676 3035 Edwardo
710 2968 798 3054 quod
831 2968 1080 3053 perimebantur
1115 2967 1167 3031 sui
1193 2966 1270 3031 dum
1296 2968 1479 3033 transirent

255 3057 370 3122 quirnea.
424 3072 465 3135 do
500 3072 598 3135 domo
636 3070 671 3134 in
702 3068 837 3133 domum
859 3091 880 3133 a
918 3069 1046 3134 civibus
1083 3068 1239 3134 civitatis.
1291 3067 1479 3154 Statimque

423 3179 541 3239 vocato
571 3172 695 3257 majore
729 3176 764 3235 ct
796 3170 982 3255 praepositis
1013 3170 1160 3235 civitatis
1182 3170 1340 3255 praecepit
1371 3170 1416 3234 eis
1440 3175 1479 3236 ut

255 3312 402 3363 Arencwal
423 3297 500 3341 suos
522 3274 726 3358 corriperent
760 3277 795 3336 et
826 3272 1034 3357 castigarent,
1069 3270 1216 3355 alioquin
1248 3271 1419 3336 civitatem
1442 3272 1478 3335 in

255 3378 285 3427 ⁰5
294 3379 393 3429 hostni-
423 3376 604 3445 crastinum
619 3372 811 3438 incenderet
826 3377 860 3437 et
875 3371 1109 3457 complanaret,
1125 3371 1175 3435 illi
1191 3378 1303 3438 autem
1318 3372 1477 3438 abeuntes

254 3452 310 3497 Μ’
423 3481 605 3567 posuerunt
627 3474 792 3542 custodias
808 3496 850 3539 ex
873 3476 964 3540 omni
986 3478 1081 3561 parte
1097 3474 1252 3551 civitatis,
1269 3478 1303 3540 et
1325 3474 1477 3559 quievit⁴

424 3584 460 3648 in
482 3600 570 3669 pace.
617 3578 658 3642 In
683 3576 866 3642 hastiludio
888 3578 954 3641 isto
976 3576 1102 3642 multus
1125 3576 1258 3663 sangnis
1279 3576 1400 3641 effusus
1416 3582 1474 3655 est,
1488 3566 1573 3686 ffi-
1586 3570 1636 3621 ⁰⁰¹·

424 3684 513 3749 unde
535 3702 655 3746 nomen
689 3678 780 3743 illios
802 3683 969 3745 mutatum
1006 3682 1056 3743 est
1078 3678 1127 3743 ita
1150 3678 1239 3763 quod
1261 3700 1327 3744 non
1350 3680 1476 3745 tornia-

423 3790 572 3851 mentum
596 3784 653 3849 scd
683 3801 826 3868 parvum
849 3780 973 3845 bellum
1006 3780 1047 3845 de
1083 3779 1226 3847 Ohalons
1257 3782 1476 3846 communiter

254 3894 316 3947 uhic
422 3890 597 3955 diceretur.
644 3885 728 3951 Inde
751 3884 900 3971 perrexit
926 3881 1110 3947 Edwardus
1134 3882 1277 3948 Parisios
1300 3887 1334 3949 et
1356 3905 1378 3949 a
1400 3904 1476 3968 rege

253 3970 359 4081 Ἢ
422 3992 623 4057 Francorum
647 3986 826 4053 honorifice
848 3988 1019 4070 susceptus
1035 3988 1093 4061 est,
1117 3988 1240 4070 etpost
1264 3984 1334 4049 dies
1349 3984 1477 4070 aliquot

253 4100 347 4148 known
358 4112 387 4148 ⁸⁸
422 4094 587 4181 profectus
621 4096 672 4155 est
705 4090 741 4154 in
770 4088 966 4155 Vasconiam
991 4090 1025 4151 et
1047 4091 1194 4152 moratus
1217 4092 1268 4153 cst
1294 4088 1342 4153 ibi
1373 4110 1476 4175 usque

253 4164 409 4282 diffisa.
422 4200 497 4283 post
519 4194 647 4259 obitum
669 4191 782 4277 patris¹

420 4372 1473 4404 ------—--——-——-——-

455 4536 683 4604 ¹1n9recsisunl]
702 4534 768 4585 from
781 4536 823 4595 A,
839 4532 922 4584 where
972 4490 1206 4622 theffissr.Mss·
1233 4489 1293 4557 give
1320 4492 1348 4543 2'8
1376 4503 1476 4549 aaron

422 4616 712 4671 resuscitandus
724 4612 835 4664 Mne
863 4612 923 4663 MS·
1007 4647 1129 4716 vastes]
1143 4646 1270 4713 comas
1288 4652 1409 4707 onus

420 4696 695 4765 tutaremus·
1007 4728 1241 4797 quasnam
1251 4732 1325 4787 uss.
