3625 5784
418 820 483 886 264
778 836 925 887 amaror
948 836 1131 887 ruroarou

418 1029 435 1057 “
459 1023 628 1088 dominum
650 1025 838 1090 vestrumt’
876 1024 1046 1091 Dixerunt
1061 1026 1182 1109 utique.
1223 1023 1372 1089 “Tollite
1395 1043 1473 1108 ergo

418 1132 436 1159 “
459 1125 630 1191 mulierem
653 1126 740 1191 hanc
762 1131 796 1191 et
818 1149 884 1191 non
900 1126 1016 1191 videat
1039 1147 1110 1191 eam
1127 1126 1281 1190 dominus
1304 1126 1376 1210 ejus
1391 1147 1471 1209 quo-

419 1234 438 1260 ⁴‘
461 1248 565 1310 usque
587 1227 704 1293 dixero
726 1228 847 1293 vobis.”
894 1228 1058 1293 Tulerunt
1082 1250 1160 1313 ergo
1184 1248 1256 1291 cam
1279 1226 1414 1291 flentem
1438 1228 1474 1291 ct

422 1327 610 1413 ejulantem,
633 1335 668 1395 et
690 1330 858 1407 dixerunt,
881 1329 990 1395 “Sine
1013 1329 1155 1405 domina,
1171 1328 1289 1393 melius
1313 1334 1363 1393 cst
1386 1327 1474 1412 quod

420 1438 439 1465 “
463 1431 612 1496 effundas
635 1431 788 1497 lacrimas
810 1453 910 1517 quam
934 1431 1023 1517 quod
1054 1430 1247 1497 lacrimatur
1280 1434 1353 1493 tota
1384 1433 1475 1495 terra

420 1539 438 1566 “
460 1532 671 1618 Anglicana.”
717 1533 815 1598 Mane
837 1538 949 1597 autern
983 1533 1078 1609 facto,
1113 1532 1232 1597 incidit
1266 1530 1472 1616 denigratam

252 1636 406 1703 Bycutting
419 1655 550 1700 carnem
573 1634 699 1701 brachii
731 1636 783 1699 sui
808 1640 843 1700 et
869 1634 1008 1719 projecit
1041 1656 1083 1698 ex
1110 1638 1191 1709 toto,
1217 1638 1252 1697 et
1276 1633 1332 1709 ait,
1358 1640 1375 1666 “
1388 1630 1473 1695 Con-

250 1704 378 1834 ssd'gtoh?
419 1743 437 1770 ‘¹
460 1735 589 1814 settara,
613 1738 769 1821 quoniam
800 1736 959 1822 promitto
993 1734 1057 1799 tibi
1090 1734 1178 1820 quod
1210 1732 1298 1798 infra
1321 1754 1374 1797 κν.
1400 1733 1472 1797 dies

251 1837 293 1951 ‘Re
305 1839 397 1911 wqund
418 1844 436 1871 “
459 1837 684 1902 manifestabis
699 1842 743 1915 te,
759 1843 794 1902 et
817 1859 938 1923 equum
953 1835 1133 1902 ascendes.''
1179 1834 1366 1919 Tenuitque
1383 1834 1471 1919 quod

251 1911 393 2017 {staff
419 1940 579 2025 promisit,
602 1945 637 2005 et
658 1940 814 2005 admirati
837 1946 917 2005 sunt
939 1938 1094 2003 universi.
1142 1936 1292 2023 Cumque
1307 1936 1472 2002 diceretur

417 2040 480 2106 hoc
501 2062 620 2127 magno
636 2040 778 2107 Soldano
791 2042 992 2107 Edwardnm
1008 2041 1130 2107 scilicet
1145 2062 1215 2105 esse
1227 2037 1239 2076 ¹
1250 2038 1471 2125 superstitem,

420 2144 478 2207 m'x
494 2143 592 2208 fidem
607 2142 769 2221 adhibuit,
786 2150 821 2208 et
835 2144 973 2209 mittens
988 2165 1029 2208 ex
1046 2142 1114 2206 suis
1123 2148 1190 2207 tres
1200 2141 1364 2227 principes
1380 2161 1470 2226 mag-

418 2266 479 2310 nos
502 2243 696 2311 excusavit²
718 2266 761 2321 se,
777 2246 855 2311 deos
877 2266 954 2309 suos
977 2250 1149 2321 attestans,
1167 2244 1255 2329 quod
1278 2264 1336 2329 per
1358 2264 1392 2307 se
1416 2242 1471 2308 vel

250 2360 366 2411 mesul-
419 2371 460 2413 ex
484 2348 589 2434 ipsius
611 2349 749 2415 scientia
772 2370 839 2413 non
871 2348 1069 2414 estfactum
1094 2347 1164 2413 hoc
1211 2346 1277 2426 Qui
1301 2353 1427 2410 stantes
1449 2366 1471 2409 a

249 2429 385 2543 ffiffl
417 2450 513 2536 longe
536 2451 759 2516 adoraverunt
782 2450 984 2515 Edwardum
1007 2448 1104 2536 proni
1127 2449 1163 2513 in
1185 2453 1315 2513 terram.
1363 2448 1407 2512 Et
1420 2446 1471 2512 ait

249 2558 352 2636 simoen
417 2551 600 2617 Edwardus
632 2552 669 2615 in
690 2552 839 2637 Anglico,
862 2552 959 2616 “Vos
982 2550 1115 2635 quidem
1149 2549 1294 2615 adoratis
1325 2571 1378 2613 me
1412 2549 1468 2613 sed

248 2633 368 2741 {mm
417 2653 594 2719 “minime
627 2652 766 2739 diligitis
779 2674 788 2727 ;
801 2652 820 2677 ’'
843 2674 904 2717 nec
936 2650 1173 2716 intellexerunt
1207 2650 1307 2714 verba
1337 2648 1409 2734 ejus
1430 2670 1469 2714 eo

247 2759 308 2821 9¹0²·
416 2755 505 2840 quod
520 2775 579 2841 per
593 2754 808 2839 interpretem
823 2752 1039 2837 loquerentur
1054 2750 1093 2816 ei.
1140 2749 1330 2815 Honorifice
1352 2754 1467 2815 autem

247 2862 388 2939 armoenia
415 2856 611 2923 attrectavit
633 2877 696 2931 eos,
720 2859 852 2940 etpost
874 2853 1013 2919 biduum
1036 2852 1163 2916 dimisit
1186 2851 1223 2915 in
1244 2872 1332 2936 pace.
1389 2850 1468 2916 Post

247 2929 392 3046 :1¹1²ngqu
416 2964 546 3043 tempus
570 2956 733 3023 modicum
765 2955 996 3022 discurrebant
1027 2955 1113 3019 inter
1136 2959 1247 3039 partes
1270 2953 1466 3018 mediatores

245 3074 314 3110 ΜΒ·
415 3066 450 3124 et
483 3060 597 3125 nuncii
630 3080 691 3145 pro
724 3058 851 3145 treugis
885 3056 1039 3132 iniendis,
1073 3058 1107 3121 et
1139 3055 1289 3119 inierunt
1321 3055 1409 3119 inter
1430 3076 1465 3119 se

414 3168 549 3247 treugas
564 3161 757 3227 decennalcs
779 3182 811 3223 x.
828 3158 1066 3224 hebdomarum
1091 3161 1126 3221 et
1146 3178 1178 3221 x,
1200 3156 1338 3221 dierum.
1386 3156 1464 3220 Pro-

415 3264 558 3347 fectique
574 3268 653 3327 sunt
669 3260 851 3328 Christiani
867 3261 910 3325 ad
926 3260 998 3325 loca
1013 3279 1073 3323 sua
1088 3264 1209 3343 praeter
1223 3256 1465 3322 inhabitatores

415 3366 546 3431 urbium
563 3388 637 3450 quae
660 3365 722 3430 sub
744 3368 907 3449 potestate
932 3360 1197 3425 Christianorum
1220 3358 1409 3425 manebant.

245 3486 335 3567 ljfince
457 3470 579 3535 ³Initis
602 3471 714 3555 itaque
737 3470 861 3555 treugis
883 3481 1060 3555 postquam
1084 3467 1154 3551 ipse
1177 3464 1384 3529 Edwardus⁴
1393 3464 1465 3549 jam

243 3553 379 3670 ξιξ-Ἕω
413 3595 479 3638 uno
501 3595 588 3638 anno
612 3577 647 3638 et
669 3571 806 3637 dimidio
829 3570 1004 3636 mansisset
1027 3570 1063 3633 in
1086 3570 1179 3645 Acra,
1197 3568 1282 3633 circa
1305 3566 1464 3653 Assump-

244 3686 320 3735 Acre.
413 3675 537 3739 tionem
575 3675 681 3740 beatas
720 3674 834 3739 Mariae
880 3671 1021 3757 virginis
1066 3691 1186 3735 navem
1231 3667 1381 3735 ascendit
1426 3674 1465 3732 ut

411 3782 640 3854 reverteretur,
679 3776 737 3841 sed
771 3781 847 3861 post
891 3772 949 3857 vij.
984 3770 1206 3838 hebdomadas
1252 3769 1288 3834 in
1327 3768 1464 3834 Sicilia⁶

240 3886 328 3963 Laeua
340 3889 365 3939 in
410 3880 572 3966 applicuit
586 3879 675 3964 apud
686 3879 819 3964 Trapes,
830 3876 908 3941 inde
925 3874 1015 3937 viam
1030 3871 1153 3938 faciens
1167 3893 1227 3958 per
1237 3871 1439 3937 Palestinam
1449 3870 1462 3908 ⁶
1474 3880 1557 3943 Tros.
1569 3882 1617 3933 eol.

241 3952 335 4069 Ξζζζζ7’
345 3958 396 4007 ⁸¹¹⁶
410 3987 445 4046 et
461 3981 636 4057 Mechines,
652 3984 687 4046 et
709 3980 756 4043 sic
778 3999 837 4063 per
858 3976 1003 4041 medium
1019 3971 1169 4059 Poyllse⁷
1192 3994 1296 4057 usque
1314 3972 1461 4050 Romam,
1473 3950 1547 3998 ⁹⁴⁵⁹·

240 4086 332 4137 Rome.
410 4120 459 4127 -
828 4110 1456 4128 .........-.-.-..-.

445 4179 535 4246 lesse]
551 4178 617 4228 from
627 4180 679 4237 A.;
696 4176 816 4227 omlis.
993 4170 1185 4233 'Palestinam
1219 4172 1308 4234 MSS„
1342 4174 1465 4239 rvrongly‚

442 4259 453 4291 ²
470 4258 657 4320 emovitque,
668 4256 743 4306 MSS.
961 4255 1015 4305 The
1023 4261 1074 4303 two
1083 4254 1214 4317 provinces
1222 4254 1250 4304 of
1259 4254 1344 4318 Sicily,
1352 4254 1464 4321 through

442 4338 527 4388 ⁸'Phe
547 4338 560 4386 I
582 4337 603 4385 ia
624 4351 640 4385 a
660 4336 779 4385 coloured
798 4334 874 4384 letter
884 4334 911 4385 in
962 4332 1045 4383 which
1056 4334 1088 4383 he
1100 4335 1183 4383 would
1203 4333 1268 4383 have
1280 4340 1307 4383 to
1325 4348 1383 4397 pass
1397 4333 1463 4383 from

408 4418 472 4469 both
484 4416 629 4476 MSS.,but
648 4412 708 4463 with
727 4429 761 4463 no
779 4412 911 4480 signore
961 4410 1079 4477 Traponi,
1106 4428 1149 4462 are
1172 4412 1244 4461 thoro
1268 4410 1298 4461 of
1318 4412 1463 4462 Panormus

407 4512 463 4547 neu
473 4494 586 4558 chapter.
961 4490 1153 4543 manarant.
1176 4490 1464 4541 ThesenamesPanor·

441 4575 452 4607 ⁴
469 4574 537 4623 Hera
557 4588 591 4622 on
611 4573 674 4622 both
692 4570 803 4636 margins
823 4570 846 4621 is
858 4569 910 4621 Rc·
961 4570 1057 4620 milano
1079 4570 1129 4619 and
1153 4567 1331 4620 Messanensis
1349 4582 1408 4641 may
1430 4568 1462 4625 ba

407 4668 496 4703 verm
519 4659 555 4700 est
593 4649 739 4700 Edwardae
760 4650 792 4699 de
824 4649 910 4699 Terra
959 4647 1085 4698 intended.

403 4736 493 4783 sancta
505 4736 529 4781 et
540 4729 665 4781 raserat
675 4728 745 4793 apud
755 4726 878 4779 Chalcus.
995 4724 1006 4759 ⁷
1022 4725 1062 4780 i.e.
1074 4724 1186 4795 Apulia,

437 4808 573 4878 [Cicilia
583 4807 638 4860 MS.
650 4828 657 4871 3
677 4803 785 4871 Ceciria,
797 4807 842 4870 As
