3625 5784
406 904 471 972 272
767 920 916 970 sessim
939 920 1129 969 uuiesrou.

239 1112 326 1175 fleur
407 1112 482 1192 post
504 1107 630 1175 Pascha
651 1109 802 1195 proximo
823 1130 974 1196 sequens,
997 1131 1056 1175 rex
1079 1108 1254 1175 mandavit
1277 1129 1333 1193 per
1355 1108 1456 1173 breve

237 1181 389 1297 ssssffil
406 1232 503 1275 suum
534 1212 676 1299 principi
708 1212 855 1278 iewlino
889 1219 929 1278 ut
962 1213 1093 1278 veniret
1126 1212 1168 1277 ad
1202 1210 1455 1298 parliamentum

237 1311 345 1431 ἓξὲξ
406 1334 503 1379 suum
535 1336 595 1401 pro
629 1314 726 1381 terris
757 1318 826 1380 suis
847 1314 1029 1381 secundum
1063 1320 1209 1381 tenorem
1245 1312 1457 1399 obligationis

238 1452 316 1499 ,mg
406 1436 480 1481 suae.
527 1415 695 1481 Lewlinus
718 1416 817 1481 duxit
831 1416 1025 1480 mandatum
1049 1415 1255 1493 indensem,
1271 1414 1455 1480 ettandem

406 1516 509 1601 ooepit
553 1539 706 1603 guerram
760 1538 890 1582 movere
937 1523 971 1581 et
1017 1522 1120 1582 terras
1166 1516 1252 1603 regis
1299 1516 1456 1581 Edwardi

405 1620 584 1687 destruere.
631 1620 676 1685 Et
698 1642 773 1687 oum
795 1642 855 1685 rex
877 1619 1062 1685 Edwardus
1085 1620 1155 1685 haee
1178 1620 1331 1697 audisset,
1350 1622 1455 1686 iratus

237 1733 332 1787 ostis
406 1723 513 1800 valde,
545 1728 580 1789 et
609 1723 681 1789 sine
707 1744 799 1787 mora
831 1723 932 1809 eoepit
966 1743 1163 1809 congregare
1201 1721 1381 1809 populum,l
1419 1730 1455 1789 et

237 1800 351 1917 ἶὲζῖιῐῇ
406 1825 565 1890 transivit
587 1847 702 1889 versus
735 1824 899 1905 Walliam,
931 1831 965 1891 et
999 1824 1081 1890 adeo
1114 1826 1270 1891 atrociter
1304 1825 1454 1912 inseque-

238 1934 326 1983 make·
336 1948 389 2010 par
406 1927 507 1993 batur
530 1927 715 1993 Lewlinum
739 1928 827 2013 quod
850 1928 950 1993 duxit
982 1948 1058 1992 eum
1081 1928 1125 1993 ad
1147 1948 1301 2014 magnam
1324 1928 1454 1995 distrio-

239 2000 381 2063 aponum.
406 2029 540 2095 tionem.
587 2028 632 2094 Et
654 2028 821 2094 Lewlinus
855 2028 972 2093 videns
995 2028 1084 2113 quod
1115 2050 1176 2093 sue
1209 2028 1356 2093 defensio
1388 2052 1456 2094 non

407 2131 518 2216 potuit
539 2130 659 2207 valere,
674 2130 820 2195 reddidit
840 2152 875 2195 se
898 2138 934 2195 et
955 2129 1109 2195 submisit
1132 2130 1175 2195 ad
1198 2130 1455 2197 misericordiam

406 2234 502 2319 regis,
524 2238 559 2297 et
581 2232 673 2297 misit
694 2254 729 2297 se
752 2236 955 2317 prostratum
988 2238 1067 2296 ante
1102 2229 1221 2317 pedes²
1243 2232 1338 2319 regis.
1384 2233 1456 2298 Rex

238 2344 280 2394 He
287 2344 395 2395 submit·
405 2336 529 2420 pietate
545 2334 861 2400 motus³feeiteu1n
876 2355 1019 2420 surgere,
1031 2340 1065 2399 et
1080 2341 1216 2421 propter
1230 2334 1456 2401 humilitatem

238 2411 377 2540 {ilignea
406 2458 505 2522 quam
532 2436 958 2523 ostendebat„pardonavit
981 2436 1031 2501 illi
1064 2436 1221 2522 quioquid
1254 2436 1357 2525 erga⁴
1380 2460 1454 2504 eum

405 2538 621 2625 deliquerat:
656 2544 690 2603 et
722 2538 862 2615 addidit,
895 2538 924 2603 si
959 2539 1081 2603 iterum
1115 2538 1347 2624 delinqueretl
1379 2562 1458 2629 erga

405 2663 524 2727 regem,
545 2662 606 2727 pro
629 2661 688 2705 suo
703 2647 861 2727 perpetuo
876 2641 1058 2726 puniretur.
1104 2640 1149 2706 Et
1164 2641 1291 2727 aceepit
1313 2643 1457 2729 puellam

405 2744 532 2811 liliam⁶
554 2744 679 2811 seilicet
701 2744 832 2810 comitis
855 2745 896 2809 de
920 2743 1034 2810 Monte
1058 2743 1139 2810 forti
1164 2766 1239 2811 oum
1262 2745 1457 2813 haereditate

406 2847 511 2935 patris
534 2847 595 2923 sui,
618 2853 653 2910 et
675 2845 754 2911 feeit
776 2845 1013 2933 obligationem
1037 2846 1078 2911 de
1100 2868 1195 2925 novo,
1219 2846 1332 2913 venire
1356 2849 1458 2914 bisin

407 2950 554 3015 ennead
570 2949 825 3035 parliamentum
848 2948 943 3035 regis.
991 2948 1038 3013 Et
1054 2970 1141 3015 anne
1157 2951 1309 3035 sequenti
1326 2957 1459 3017 mortua

408 3056 459 3116 est
480 3072 566 3116 uxor
587 3050 658 3134 ejus
680 3049 847 3136 praedicta

453 3149 614 3205 Nioholaua
636 3166 711 3220 papa
733 3146 882 3203 ordinarit
904 3148 1025 3204 fratrem
1049 3146 1208 3204 Robertum
1231 3150 1268 3207 de
1283 3150 1434 3223 Kylwarbi
1446 3140 1458 3183 ⁷
1471 3146 1614 3204 OEauemia

408 3243 480 3293 tune
517 3237 766 3309 arehiepiscopum
806 3236 838 3291 in
870 3236 1064 3303 cardinalem,
1097 3243 1128 3293 et
1161 3238 1259 3311 posuit
1291 3240 1330 3295 ad
1361 3241 1457 3297 sedem
1472 3242 1549 3308 Higd.
1562 3240 1613 3289 viti.

408 3327 645 3383 cantuariensem
691 3327 811 3381 tratrem
856 3326 1021 3383 Johsunem
1075 3327 1111 3382 de
1163 3316 1329 3385 Paeonum!
1394 3330 1459 3385 Rex
1471 3312 1594 3359 mm·

409 3416 569 3473 Edwardus
600 3417 728 3486 gravioer
759 3414 876 3487 punivit
907 3414 1027 3472 Judaeos
1057 3421 1088 3471 et
1118 3432 1219 3471 eorum
1251 3423 1459 3475 eonsentaneoe

408 3522 462 3576 pre
500 3504 633 3559 tonsione
665 3508 790 3559 monetae
821 3509 853 3559 et
888 3504 985 3576 pravis
1019 3504 1181 3571 escambiis,
1216 3506 1293 3562 unde
1330 3525 1389 3563 uno
1411 3506 1459 3564 die

409 3611 509 3649 omues
532 3593 650 3649 Judaeos
672 3592 740 3665 eapi
762 3592 842 3659 feeit,
866 3594 1005 3665 quosdam
1039 3594 1198 3667 suspendit,
1222 3602 1342 3651 caeterea
1364 3595 1459 3668 ejecit.

453 3687 640 3751 Edwardus
666 3686 756 3751 filius
780 3685 917 3753 Henriei
940 3688 1036 3751 venit
1068 3687 1109 3751 de
1132 3687 1233 3753 Terra
1264 3695 1379 3757 sancta
1401 3658 1581 3774 inffffffi

409 3788 562 3875 Augusto
600 3810 675 3855 oum
714 3810 818 3854 uxore
855 3810 917 3854 sua
948 3788 1152 3856 Helenora.¹⁰
1207 3790 1307 3859 Anno
1344 3792 1461 3882 gratiae

284 3936 292 3945 .
409 3907 617 3957 uoouxxnu.
641 3890 752 3957 aetetis
774 3912 843 3957 suae
866 3889 997 3975 xxxvij.
1021 3912 1116 3957 anne.

446 4292 455 4326 ἱ
470 4290 609 4357 populum]
624 4289 691 4339 from
704 4288 756 4347 A.;
773 4302 824 4338 em.
837 4286 894 4337 MS.
996 4284 1007 4318 ⁸
1024 4287 1094 4337 Here
1113 4302 1146 4336 on
1165 4287 1207 4338 the
1229 4286 1326 4354 margin
1350 4289 1379 4339 of
1400 4290 1462 4339 both

444 4370 456 4403 ²
469 4368 561 4436 pedes]
576 4370 657 4419 above
669 4368 713 4417 the
724 4368 775 4416 liue
787 4365 811 4415 iu
824 4368 858 4415 A.
964 4364 1042 4417 Mss.
1060 4365 1081 4415 is
1098 4364 1236 4416 Jotaeees
1254 4365 1379 4417 Peerltom
1393 4367 1463 4417 Con-

443 4449 564 4514 ’metm
584 4449 665 4497 above
685 4446 728 4497 the
747 4446 797 4495 lina
815 4446 842 4494 in
862 4445 912 4505 ὰς
963 4444 1102 4494 lundensis
1128 4444 1344 4510 archiepiscopus.
1396 4446 1464 4509 Kyl-

411 4530 513 4581 written
524 4528 596 4578 tetes
608 4526 634 4575 in
646 4526 703 4575 MS.
966 4522 1049 4573 wurln'
1065 4523 1216 4575 cardinalia.
1250 4524 1341 4574 Jedoei
1349 4527 1464 4589 puniun-

443 4608 549 4674 *εφη
564 4607 631 4655 irem
641 4606 692 4666 A.;
709 4606 821 4655 omMS.
964 4607 1062 4667 turpi-e
1075 4604 1307 4655 tenuenemeneloe.

447 4689 457 4720 ⁸
474 4687 618 4751 deliquerit,
629 4686 685 4734 MS.
996 4682 1007 4714 ⁹
1026 4682 1052 4731 in
1070 4682 1194 4746 Auertite,
1215 4684 1268 4745 A.;
1286 4684 1313 4732 in
1334 4682 1464 4747 Aeolion,

444 4767 455 4799 ⁶
466 4766 568 4832 filium]
586 4765 668 4815 ebore
679 4762 722 4813 the
733 4762 783 4812 line
795 4760 821 4810 iu
834 4762 868 4811 Α.
964 4760 1020 4809 MS.

444 4844 455 4883 ⁷
474 4842 635 4907 Οιάιιατᾶὸῃ,
647 4840 725 4906 ngd.
998 4836 1017 4871 ¹⁰
1035 4836 1231 4899 HeleeaMSS.
