3625 5784
142 1067 259 1146 leyces-

146 1143 251 1186 trem.

157 3367 241 3432 Higd.
254 3362 300 3414 vii.

158 3438 289 3484 sao-⁴1⁴.

160 3524 309 3585 (lintrensis,

159 3591 207 3642 lib.
221 3597 245 3643 7.
257 3609 280 3642 c.
292 3597 316 3643 9.

162 3684 250 3746 Τηε.
262 3684 310 3734 col

160 3753 238 3800 2³69.

595 869 869 920 unrensrurusrs
891 869 1102 920 cunourcou.
1316 861 1380 922 103

372 1056 515 1138 Quem
546 1056 654 1125 clerici
683 1057 901 1124 itinerantes¹
932 1063 1128 1144 tempestate
1165 1057 1305 1144 fulguris
1344 1058 1380 1122 in
1394 1059 1473 1110 Pious

329 1157 513 1243 ιιοιιίὺο(ἳ)2
535 1159 735 1225 discutiente
766 1161 957 1226 cecinerunt
978 1181 1150 1246 ympnum,
1174 1159 1247 1225 Ave
1279 1159 1379 1224 maris
1392 1128 1520 1244 {ffiktssmd

325 1261 429 1339 stella,
452 1267 511 1326 eto
558 1261 700 1326 Etcum
722 1268 945 1347 pervenerunt
960 1263 1002 1326 ad
1024 1261 1112 1326 hunc
1127 1283 1268 1340 versum,
1285 1259 1485 1325 Μοη-ἲτοωε

324 1371 396 1430 stra
417 1371 451 1430 te
475 1388 545 1430 esse
567 1371 716 1443 matrem,
732 1366 832 1430 beata
853 1366 948 1452 uirgo
965 1365 1131 1452 quoddam
1147 1365 1259 1430 velum
1282 1386 1380 1450 super
1393 1328 1530 1442 iffidbgf

325 1491 381 1534 eos
403 1469 572 1556 expandit,
595 1471 657 1535 sub
680 1469 776 1556 cujus
806 1467 926 1536 u'mbra
948 1471 1055 1536 securi
1087 1470 1191 1536 donec
1223 1470 1381 1536 transiret
1393 1458 1437 1509 2¹¹0
1447 1459 1548 1525 virgin.

326 1577 504 1658 tempestas
526 1578 786 1658 permanserunt

727 2171 838 2257 [cer.
862 2170 979 2258 vu]8

328 2338 454 2492 *Vir
469 2338 604 2424 quidem
620 2339 657 2403 in
672 2338 793 2404 diocesi
808 2337 1025 2405 Dunelmensi
1041 2339 1166 2406 solebat
1182 2363 1257 2406 cum
1273 2345 1382 2406 truns-
1396 2362 1550 2415 osonewho

446 2443 512 2506 iret
533 2463 593 2528 per
607 2442 769 2508 cimiteria
783 2463 876 2508 orare
891 2463 952 2529 pro
968 2443 1141 2523 defunctis,
1159 2449 1194 2508 et
1210 2466 1285 2516 eum
1301 2466 1383 2530 qua·
1394 2429 1543 2547 5:2le

330 2543 405 2608 dam
428 2545 482 2609 die
504 2545 735 2630 insequeretur
756 2545 799 2610 ab
824 2544 974 2610 hostibus
1000 2569 1059 2632 per
1083 2547 1228 2611 medium
1253 2548 1381 2612 cimite·
1517 2532 1522 2545 ¹

330 2646 423 2725 rium,
439 2647 629 2713 recordatus
645 2651 695 2712 est
718 2647 890 2712 solitarum
913 2669 1048 2734 precum
1072 2655 1106 2714 et
1129 2649 1170 2714 ed
1194 2650 1383 2715 memoriam

330 2772 389 2835 pro
411 2750 540 2837 refugio
562 2751 715 2830 adduxit,
739 2757 774 2816 et
797 2751 881 2816 miro
904 2751 998 2817 dictu
1024 2753 1200 2817 videbatur
1223 2753 1311 2837 quod
1335 2752 1383 2816 hii

330 2853 387 2938 qui
405 2853 564 2938 jacebant
585 2855 622 2918 in
644 2854 800 2940 sepulcris
823 2877 857 2919 se
880 2855 1052 2942 erigebant
1074 2859 1108 2919 et
1124 2876 1157 2919 se
1174 2856 1384 2940 exponebant
1398 2859 1464 2910 How
1477 2859 1509 2910 ¹10

330 2956 480 3022 hostibus
502 2979 562 3044 pro
577 2962 706 3022 onutore
728 2979 797 3035 suo,
813 2959 917 3023 donec
939 2958 1048 3023 locum
1064 2958 1226 3023 evadendi
1249 2939 1548 3042 daresslliiffifor

331 3064 366 3124 et
386 3064 502 3145 postea
523 3059 635 3125 hostes
666 3060 868 3126 reconciliati
889 3067 1110 3124 narraverunt
1142 3060 1231 3145 quod
1262 3061 1386 3126 mortui
1398 3058 1552 3124 hirenenty.

331 3163 526 3228 restiterunt
548 3162 616 3226 illis
639 3163 675 3227 in
697 3163 821 3228 talibus
843 3164 945 3228 ermis
976 3163 1097 3250 quibus
1120 3164 1227 3228 solent
1258 3163 1386 3228 virise

331 3263 511 3332 defendere.

377 3377 442 3433 Hoc
477 3394 554 3432 anno
592 3377 670 3432 lacte
706 3381 751 3432 est
789 3377 930 3448 profectio
969 3377 1222 3451 Ierosolymitana,
1261 3379 1294 3432 in
1329 3395 1387 3450 qua

333 3467 482 3522 affuerunt
515 3456 746 3533 Beuumnudus,⁵
768 3471 800 3522 et
833 3466 978 3522 Robertus
1011 3466 1070 3521 dux
1102 3467 1303 3534 Normanniae,
1335 3467 1386 3539 qui

333 3561 477 3627 praetextu
499 3555 581 3611 illius
604 3555 793 3628 profectionis
815 3555 979 3611 inradiavit
1001 3556 1214 3622 Normannium
1238 3558 1386 3614 Willelmo

333 3646 397 3717 regi
419 3645 503 3700 fratri
526 3663 579 3701 suo
600 3663 654 3717 pro
676 3645 777 3700 decem
800 3645 882 3700 mille
913 3645 996 3700 libris
1018 3646 1143 3717 argenti
1187 3646 1300 3703 Deinde
1323 3645 1385 3718 xiij.

333 3735 523 3790 kalendarum
547 3735 622 3790 Jnlii
645 3733 807 3790 Christiani
829 3741 970 3806 ceperunt
999 3736 1101 3791 urbem
1124 3737 1217 3804 Acon,
1241 3743 1272 3793 et
1302 3737 1389 3792 stelle

334 3831 448 3880 comata
484 3824 622 3898 apparuit
653 3841 754 3879 mense
785 3823 918 3880 Octobris
955 3842 1008 3896 per
1041 3843 1088 3882 xr.
1122 3825 1194 3882 dies.
1241 3827 1386 3882 Nonnulli

333 3932 402 3970 vero
425 3913 565 3972 viderunt
594 3913 714 3985 siguum
737 3914 831 3969 aucis
854 3913 956 3970 ardere
986 3914 1018 3970 in
1041 3916 1121 3972 coelo.
1168 3917 1251 3972 Tunc
1273 3934 1387 3988 qnoque

333 4009 421 4076 caput
458 4003 537 4060 beati
575 4003 718 4075 Stephani
755 4021 808 4076 per
845 4003 989 4075 quendam
1040 4006 1217 4061 monachum
1256 4005 1388 4062 Odonem

366 4245 551 4305 'itinerantes
579 4241 646 4294 from
672 4243 724 4305 A.;
757 4260 835 4294 remo·
917 4241 997 4294 ’Ναί
1007 4245 1114 4295 marked
1134 4244 1161 4294 in
1177 4245 1233 4296 MS.
1246 4253 1336 4310 except
1353 4249 1389 4310 by

332 4323 495 4382 rantes,MS.
884 4339 955 4375 some
978 4325 1062 4389 larges
1084 4325 1169 4374 letters
1193 4332 1220 4374 at
1249 4324 1291 4373 the
1320 4339 1389 4376 com·

365 4401 759 4467 ²'l'heuordloulrsasprintcd
767 4403 836 4462 here,
885 4410 1054 4454 meneement.
1088 4403 1122 4452 Δ.
1141 4403 1188 4452 has
1211 4403 1278 4468 Cap.
1299 4407 1323 4466 7,
1341 4405 1388 4454 but

332 4483 394 4533 with
417 4498 435 4532 a
453 4481 529 4532 small
542 4482 598 4531 curl
616 4497 676 4532 over
692 4481 736 4532 the
757 4487 775 4530 t.
809 4483 837 4531 A
886 4481 1021 4532 inamore
1031 4487 1118 4533 recent
1127 4482 1205 4532 hand.

332 4563 406 4612 mark
423 4559 567 4626 expressive
582 4561 611 4612 of
620 4561 700 4611 doubt
715 4561 762 4611 has
772 4562 838 4611 been
922 4559 932 4591 ⁴
949 4559 1058 4610 Seveuth
1076 4561 1150 4610 letter
1171 4559 1201 4610 of
1221 4559 1265 4612 the
1284 4553 1391 4614 writer's

333 4642 423 4706 placed
439 4639 744 4708 onthemarginoibls.
777 4641 839 4690 Per·
888 4655 973 4691 name·

334 4721 400 4785 hapa
410 4719 455 4771 the
465 4726 515 4770 two
525 4721 609 4771 words
618 4735 685 4772 were
702 4735 757 4770 rum
774 4719 840 4770 toni·
923 4717 934 4750 ⁵
955 4717 1128 4780 Boomuudus,
1139 4717 1218 4785 Higd.

334 4807 402 4851 buo.
434 4798 650 4864 rwysdenprinu
661 4804 794 4850 nocbcrno.
