3625 5784
644 895 915 946 nurcrsrunusrs
937 895 1148 946 cneorucou.
1351 883 1414 946 251

365 1107 513 1171 peccasse
537 1083 573 1148 in
596 1105 705 1170 regern
731 1089 766 1148 et
789 1085 915 1170 peccati
939 1086 1102 1150 maculam
1133 1085 1244 1151 delere
1268 1085 1352 1150 velle
1381 1085 1419 1148 in

366 1187 560 1252 liberatione
583 1186 688 1272 ipsius
709 1207 770 1271 pro
793 1207 895 1271 posse.
942 1186 1106 1252 Miserunt
1129 1209 1207 1273 ergo
1230 1191 1352 1252 secrete
1376 1187 1419 1252 ad
1432 1181 1579 1268 0⁰¹J¹¹¹¹¹¹¹3i

367 1288 573 1354 Robertuml
597 1289 735 1353 fratrem
762 1288 866 1372 ipsius
882 1289 1012 1353 comitis
1029 1289 1252 1366 Gloueestriae,
1270 1290 1327 1374 qui
1343 1311 1418 1354 cum
1432 1257 1587 1373 fflff'feh

367 1391 485 1455 courite
509 1390 653 1474 Symone
677 1389 868 1454 morabatur
891 1394 926 1453 et
947 1390 1035 1454 inter
1058 1391 1181 1476 primos¹
1205 1391 1308 1476 ipsius
1328 1412 1418 1475 mag·
1433 1379 1514 1434 ⁰¹²¹&

204 1491 343 1558 s'5⁹·00¹·
367 1513 429 1554 nus
454 1490 635 1567 tenebatur,
660 1491 821 1575 quomodo
845 1491 1018 1555 unanimes
1041 1491 1149 1555 effecti
1172 1496 1252 1556 sunt
1274 1498 1309 1555 et
1330 1491 1418 1576 quod

198 1564 272 1609 Μ’
368 1593 410 1656 ad
433 1591 661 1656 liberationem
685 1590 746 1654 filii
777 1591 863 1676 regis
890 1591 1021 1655 cautius
1052 1592 1191 1656 instaret
1221 1614 1296 1657 cum
1318 1593 1361 1657 ad
1384 1613 1419 1656 ee

367 1694 499 1759 offerret
521 1700 686 1780 oportuna
707 1693 854 1758 facultas.
895 1683 1053 1778 Misitque
1074 1693 1251 1778 praedictus
1273 1694 1420 1779 Rogerus
1434 1681 1567 1796 {iffffiss

367 1796 407 1860 de
440 1796 611 1860 Mortimer
632 1795 675 1859 ad
698 1795 804 1858 filium
828 1796 915 1880 regis
938 1816 1059 1880 equum
1083 1796 1245 1880 optimum
1280 1802 1315 1860 et
1348 1818 1420 1861 cur·
1434 1814 1510 1888 senus

367 1919 471 1962 sorem
505 1897 744 1962 velocissimum
770 1895 805 1960 in
830 1918 895 1981 quo
919 1897 1080 1961 confidere
1112 1902 1221 1982 posset
1252 1920 1325 1963 cum
1357 1899 1417 1964 sibi
1433 1895 1544 1995 ffifrd
1556 1959 1572 1993 a

368 2000 496 2064 videret
527 2005 658 2084 tempus
688 2004 921 2083 opportunum.
984 1999 1112 2079 Quibus
1143 2001 1291 2086 cognitis,
1322 2003 1421 2086 petiit
1433 2012 1589 2076 goulhorse.

369 2101 553 2166 Edwardua
599 2101 640 2164 de
685 2099 821 2164 consilio
866 2101 1016 2185 prredicti
1055 2101 1194 2166 Roberti
1230 2124 1251 2166 a
1296 2103 1416 2167 comite

286 2255 288 2258 .
369 2203 513 2289 Symone
554 2201 722 2268 licentiam
764 2202 933 2286 spatiandi
969 2208 1003 2266 et
1040 2203 1203 2288 probandi
1233 2205 1419 2270 dextrarios

368 2306 396 2370 si
430 2305 517 2370 forte
544 2305 687 2369 torniare
718 2303 885 2378 deberent,
917 2305 1004 2367 sicut
1031 2310 1066 2368 et
1091 2304 1269 2389 aliquando
1300 2306 1422 2370 voluis·
1435 2327 1554 2378 mareis

367 2414 463 2488 aent3
485 2412 519 2472 et
542 2413 637 2472 erant
659 2413 739 2472 tunc
761 2407 851 2491 apud
867 2406 1080 2470 Herfordiaur
1105 2413 1141 2470 et
1163 2429 1222 2471 rex
1245 2415 1280 2472 et
1302 2430 1419 2486 comes,
1434 2395 1566 2510 {¹3}ssss

368 2531 496 2595 semper
541 2509 629 2574 euim
668 2530 777 2593 regem
824 2529 934 2573 secum
972 2509 1085 2573 tenuit
1129 2531 1237 2574 comes
1275 2519 1310 2575 et
1347 2532 1421 2575 cum
1435 2477 1515 2591 tori}
1527 2477 1576 2575 hi:

369 2612 499 2676 honore.
558 2613 702 2696 Accepta
734 2611 846 2695 itaque
881 2609 1026 2685 licentia,
1054 2631 1129 2674 cum
1148 2612 1218 2694 jam
1244 2593 1536 2722 cursissewffggffi,

370 2735 470 2799 equos
493 2711 621 2798 aliquos
644 2717 678 2776 et
702 2733 755 2776 eoa
776 2711 876 2775 laesos
895 2711 1101 2788 reddidisset,
1124 2713 1257 2776 tandem
1275 2715 1424 2778 ascendit
1436 2695 1518 2774 rome⁸

370 2817 465 2881 illum
504 2837 625 2900 equum
665 2815 804 2880 electum
844 2835 943 2898 quem
982 2815 1161 2899 praedictus
1195 2815 1343 2902 Rogerus
1381 2817 1422 2881 de
1436 2791 1530 2840 others.

371 2917 542 2982 Mortimer
572 2917 602 2980 ei
637 2917 780 2990 miserat,
821 2921 855 2980 et
893 2916 936 2979 ob
969 2914 1054 2981 hanc
1088 2937 1220 2982 causam
1255 2919 1422 3004 praemisso

370 3021 503 3085 interim
526 3040 629 3104 puero
651 3015 732 3102 qui³
754 3022 963 3082 conseruerat
986 3039 1060 3082 cum
1084 3018 1213 3083 duobus
1243 3019 1363 3105 gladiis
1388 3025 1422 3085 et

370 3123 406 3185 in
440 3142 524 3205 equo
563 3119 695 3204 optimo.
759 3117 1010 3202 Conversusque
1048 3120 1117 3204 ipse
1164 3121 1207 3184 ad
1253 3122 1423 3186 custodem
1436 3133 1519 3182 when
1532 3134 1576 3183 the

371 3244 467 3287 suum
511 3221 691 3286 Robertum
729 3220 770 3283 de
809 3219 875 3282 Ros
914 3225 1111 3306 caeterosque
1155 3223 1258 3288 socios
1301 3223 1424 3288 circum
1435 3207 1544 3316 {mg

372 3327 527 3400 astantes,
551 3321 646 3396 dixit,
670 3320 835 3385 “Domini
860 3321 1029 3399 carissimi,
1053 3323 1295 3409 aliquantisper
1318 3326 1424 3389 mansi
1437 3333 1584 3409 makeeuee

372 3433 388 3458 “
412 3425 447 3487 in
470 3422 618 3487 custodia
641 3427 759 3498 vestra,
784 3427 818 3485 et
841 3422 981 3486 ulterius
1008 3445 1141 3489 manere
1164 3425 1280 3490 nolens
1301 3427 1345 3490 ad
1368 3396 1591 3516 ‹lo-233³¹:2¹ss³

373 3535 389 3560 “
412 3526 538 3589 minum
563 3546 622 3589 vos
645 3523 835 3588 commendo
846 3523 873 3600 ;”
898 3531 933 3588 et
955 3527 1120 3590 conversis
1135 3525 1213 3592 loris
1240 3547 1313 3592 curn
1331 3528 1573 3597 fesci-wesene-

373 3628 506 3692 uatione
542 3626 634 3690 abiit.
683 3625 897 3709 Insequentes
936 3631 1048 3690 autem
1081 3648 1157 3691 eum
1191 3629 1303 3693 caeteri
1337 3650 1425 3694 com·

372 3728 573 3816 prehendere
595 3748 661 3792 non
682 3730 872 3812 potuerunt,
888 3729 923 3790 et
938 3726 1071 3791 demum
1086 3729 1237 3794 videntes
1261 3730 1423 3816 Rogerurn

372 3833 412 3897 «lo
437 3831 619 3916 Mortymer
645 3851 665 3893 a
688 3834 794 3894 castro
817 3849 876 3892 suo
901 3828 942 3892 de
966 3828 1174 3915 Wiggemore
1206 3853 1279 3898 cum
1311 3833 1579 3908 malueram

372 3933 509 3997 armatis
533 3931 720 3995 venientem
747 3929 878 3995 obviam
907 3929 948 4006 ei,
974 3929 1062 3994 sicut
1087 3931 1243 4016 primitus
1272 3919 1572 4027 condixe-{¹,ss‘kte‘ffi¹

374 4043 458 4110 rant,
482 4033 602 4098 reversi
626 4037 705 4096 sunt
728 4031 825 4096 vacui
849 4031 952 4095 etsie
975 4031 1072 4096 illusi.
1119 4032 1242 4099 Eodem
1265 4057 1352 4101 anno
1367 4037 1420 4101 sci.

374 4138 451 4201 licet
488 4150 651 4198 uconxw.
699 4133 782 4198 obiit
830 4132 988 4197 Urbanus
1033 4153 1120 4218 papa
1168 4137 1222 4200 cui
1271 4137 1428 4203 successit

375 4238 527 4304 Clemens
550 4235 594 4300 iv.

419 4337 573 4403 ⁴Audita
596 4334 749 4402 evasione
776 4335 837 4399 filii
864 4335 950 4420 regis
980 4357 1001 4400 a
1030 4357 1165 4413 earcere,
1190 4339 1355 4404 concurrit
1386 4341 1429 4406 ad
1442 4347 1534 4411 Peorle

1441 4415 1510 4464 flock
1519 4421 1546 4464 to
1553 4414 1598 4465 the

375 4462 451 4506 oum
475 4437 600 4503 multus
630 4436 773 4523 populus
806 4441 841 4500 et
871 4457 946 4500 cum
976 4435 1135 4502 immenso
1165 4438 1287 4524 gaudio
1322 4461 1428 4507 susce-
1442 4479 1537 4545 prinae.

409 4593 418 4625 ¹
437 4592 584 4643 Rotertum.
618 4589 761 4641 Elsewhere
770 4589 813 4638 the
824 4590 877 4638 carl
961 4587 972 4619 ³
988 4597 1156 4649 consenserat,
1169 4591 1203 4641 A.
1215 4612 1222 4651 ;
1234 4600 1360 4653 conserat,
1371 4597 1428 4648 MS.

376 4671 403 4720 oi
421 4671 591 4722 Glouccster’s
613 4667 717 4719 brother
742 4667 764 4716 ie
788 4667 879 4716 named
963 4667 974 4698 ⁴
991 4666 1047 4717 The
1067 4671 1090 4718 Α
1109 4669 1130 4718 is
1148 4669 1305 4720 illuminated
1322 4671 1349 4721 in
1367 4675 1429 4724 both

381 4748 497 4800 thmca
930 4744 1015 4805 MSS„
1026 4746 1073 4796 but
1084 4746 1187 4798 thereis
1205 4765 1239 4799 no
1261 4748 1318 4815 sign
1337 4750 1368 4802 of
1385 4753 1429 4803 the

409 4826 420 4860 ²
436 4828 563 4879 currisset.
596 4826 659 4876 This
679 4823 699 4876 ia
718 4825 762 4875 the
780 4831 835 4876 text
852 4823 878 4874 in
930 4834 1146 4877 commencenrent
1157 4827 1211 4877 osa
1221 4843 1278 4878 nav
1289 4828 1402 4893 chapter.

376 4906 439 4961 both
451 4907 525 4958 MSS.
