3625 5784
387 859 451 929 166
732 868 881 924 amarer
905 866 1089 923 unrormcu·

386 1071 581 1130 tuariensibus
603 1078 635 1130 et
656 1073 738 1150 ipsis
751 1074 894 1148 episcopie
917 1075 949 1129 in
972 1070 1223 1145 archiepiscopum
1245 1074 1359 1126 moetus
1381 1073 1433 1124 eet

385 1159 442 1230 Qui
473 1161 615 1220 nimirum
646 1169 764 1238 accepto
796 1165 886 1237 pallio
920 1163 1135 1220 inthronizatus
1166 1165 1221 1228 eat,
1255 1179 1322 1215 mox
1355 1157 1435 1232 apud

384 1243 526 1308 Marton¹
553 1258 670 1328 accepto
693 1255 839 1312 canonicae
863 1253 1050 1327 professionis
1080 1249 1184 1308 habitu
1217 1247 1434 1306 Gantuarienei·

383 1340 437 1397 bus
460 1359 531 1414 quoe
563 1344 660 1400 servor
681 1344 851 1418 Baldewyni
867 1345 954 1416 poulo
974 1331 1184 1399 indiscretius²
1206 1340 1432 1405 exulceraverat,

382 1431 521 1488 molestus
542 1452 603 1490 uon
625 1434 690 1490 luit.

427 1521 569 1579 Praelatus
591 1542 718 1597 namquo
751 1524 945 1598 Beldewynus
968 1541 1144 1597 quamquam
1166 1521 1240 1577 alias
1261 1519 1309 1575 vir·
1340 1520 1433 1576 bonus

381 1615 412 1666 et
433 1612 598 1684 religiosus,
619 1612 668 1685 jus
691 1619 721 1670 et
743 1613 969 1687 praerogativam
991 1611 1121 1684 eligendi
1144 1611 1393 1683 archiepiscopum
1415 1626 1434 1664 a

383 1698 640 1771 Oautuariensibus
673 1705 829 1761 transferre
864 1705 1071 1761 elaboraverat.
1125 1700 1218 1773 Cujus
1254 1699 1297 1756 rei
1336 1697 1433 1774 gratia

381 1791 463 1862 regio
486 1791 583 1848 lurore
606 1794 699 1849 fretus
730 1811 807 1850 nova
830 1793 956 1849 edificia
984 1792 1071 1864 juxta
1107 1789 1308 1849 monachalem
1340 1789 1431 1844 eccle·

353 1875 354 1880 '
380 1879 453 1934 siam
477 1880 515 1937 cd
529 1883 698 1954 praebendae
715 1881 921 1940 canonicorum
936 1883 1112 1940 secularium
1125 1899 1186 1937 non
1209 1879 1273 1936 eine
1288 1878 1432 1950 sanguiue

380 1973 546 2042 construere
581 1977 718 2044 creperet,
752 1978 786 2028 ut
809 1973 919 2028 ibidem
951 1971 1137 2045 postmodum
1168 1969 1348 2040 suffraganci
1369 1969 1432 2041 epi·

379 2058 459 2132 scopi
482 2077 550 2116 cum
573 2061 686 2118 clericis
709 2063 915 2120 convenientes
938 2061 1091 2118 defuturi
1113 2059 1262 2133 pontificis
1276 2057 1429 2123 eleccione,

379 2149 504 2206 extrusis
528 2152 688 2220 monachis,
712 2153 914 2210 deliberarent.
960 2151 1004 2206 At
1026 2157 1128 2207 contra
1162 2148 1299 2205 monachi
1322 2148 1429 2203 Roma·

378 2257 451 2295 num
495 2241 664 2314 pontificem
709 2243 890 2316 appellentes
943 2259 1016 2314 opus
1072 2239 1223 2313 inceptum
1272 2237 1430 2294 intermitti

353 2353 355 2357 ¹
379 2335 549 2401 coegerunt,
573 2332 651 2405 quod
673 2337 704 2388 et
726 2337 940 2404 postmortem
964 2328 1134 2402 Baldewyni
1160 2347 1252 2402 usqne
1274 2328 1312 2383 ad
1335 2329 1429 2383 solum

378 2421 644 2492 complanarerunt
691 2422 729 2478 In
744 2440 802 2496 qno
816 2422 894 2478 facto
916 2420 1084 2476 mirandum
1108 2408 1178 2486 est‚³
1199 2422 1317 2474 tantum
1332 2417 1428 2472 virum

349 2531 353 2536 ·
377 2508 487 2582 quiex
509 2510 713 2568 archidiacono
735 2512 895 2568 monachus
919 2509 1120 2568 cisterciensis
1144 2508 1265 2574 ordinis,
1288 2513 1319 2563 et
1348 2511 1427 2580 poet·

208 3895 364 3962 Steunene

204 3964 234 4015 oi
243 3965 325 4031 Philip
336 3967 364 4018 oi

203 4031 302 4084 liranus

206 4097 308 4160 against

204 4163 230 4214 lri

206 4179 327 4282 alim

377 2599 497 2656 modum
530 2601 618 2659 abbas
651 2606 682 2658 et
712 2619 748 2658 ex
782 2602 885 2658 abbate
918 2599 1141 2674 Wygornienaia
1173 2598 1292 2671 praesul,
1324 2614 1358 2652 uc
1393 2614 1428 2651 ex

377 2690 559 2762 suffraganeo
593 2691 712 2748 taudem
734 2691 976 2764 metropolitauus
1010 2691 1140 2756 effectus,
1164 2687 1242 2761 qucd
1273 2687 1427 2760 imperiec-

376 2779 459 2837 tioria
506 2781 575 2838 vitio
620 2781 763 2848 homines,
810 2782 966 2838 canonicos
1007 2779 1118 2836 scilicet
1163 2779 1318 2843 seculares,
1363 2777 1428 2833 loco

375 2871 569 2942 perfectorum
601 2871 757 2944 subrogare
779 2871 884 2940 voluit,
909 2889 977 2928 cum
1008 2869 1080 2926 olim
1103 2867 1197 2924 sancti
1228 2867 1377 2940 principes
1398 2871 1429 2922 et

375 2960 528 3032 pontifices
550 2959 582 3015 in
605 2960 715 3034 Anglia
736 2961 814 3018 illud
836 2979 929 3034 genus
953 2959 1125 3016 clericorum
1159 2957 1257 3014 minus
1280 2957 1428 3012 ubundarc

375 3051 516 3118 volentes,
539 3048 688 3124 optionem
712 3051 771 3107 illie
794 3051 949 3118 dederunt,
972 3055 1008 3106 ut
1035 3056 1086 3106 aut
1120 3048 1260 3104 beneficia
1282 3047 1427 3121 relinque·

376 3145 453 3208 rent,
477 3145 529 3196 aut
551 3141 644 3198 vitam
667 3147 817 3200 mutantes
840 3141 872 3198 in
895 3141 1070 3212 religionem
1093 3138 1261 3196 transirent.

696 3437 1098 3454 ——ss—

772 3686 882 3775 [car.
907 3683 1041 3771 xlvi*

466 3866 574 3933 enrico
597 3865 794 3954 imperatore
817 3865 853 3929 in
876 3863 983 3928 forma
1004 3860 1164 3949 predicta
1182 3867 1293 3949 regem
1315 3861 1427 3930 Ricar-

488 3969 567 4034 dum
582 3967 618 4034 in
633 3968 783 4036 custodia
798 3966 844 4032 sic
859 3965 1038 4043 detinente,
1053 3962 1228 4051 Philippus
1250 3985 1309 4030 rex
1324 3965 1427 4032 Fran·

376 4069 436 4136 ciae
459 4092 582 4137 memor
604 4092 671 4136 suec
694 4067 884 4156 perniciosae
909 4065 1156 4132 melancholiael
1182 4070 1296 4132 contra
1317 4089 1428 4156 regern

410 4337 418 4371 ¹
437 4337 602 4398 Merlonium,
614 4336 694 4404 Higd.
927 4332 1010 4383 initial
1032 4331 1054 4384 ia
1075 4331 1102 4382 iu
1120 4333 1179 4386 MS.
1196 4332 1363 4395 illuminatcd,
1382 4337 1429 4387 but

409 4417 420 4450 ²
438 4415 604 4476 indiscretior,
616 4416 696 4483 Higd.
928 4412 972 4462 the
983 4413 1064 4463 worda
1077 4411 1160 4463 which
1177 4411 1262 4464 follow
1273 4430 1318 4464 arc
1334 4422 1388 4476 not,
1399 4431 1428 4466 aa

409 4497 486 4564 ieal]
506 4513 556 4547 om.
569 4495 648 4564 Higd.
926 4492 949 4542 ie
977 4491 1108 4558 generally
1133 4491 1175 4543 the
1203 4509 1269 4552 case,
1292 4493 1319 4543 iu
1346 4496 1429 4560 larger

409 4575 513 4628 lFrom
523 4575 566 4625 tho
574 4574 672 4642 margin
684 4571 702 4624 it
711 4573 875 4624 uillbeaecn
926 4571 1079 4621 charactera.
1125 4573 1156 4621 In
1179 4573 1212 4621 Λ.
1230 4574 1284 4623 aleo
1301 4573 1345 4624 the
1363 4573 1428 4624 His

375 4656 431 4706 ubal
442 4657 503 4706 bere
518 4653 541 4704 is
557 4655 600 4705 the
620 4661 837 4705 commcnoemeut
848 4652 878 4702 ol
925 4649 1091 4702 illumiuated.

375 4735 418 4785 the
435 4733 583 4786 lourtoenth
602 4733 715 4798 chapter.
756 4733 811 4783 MS.
822 4732 876 4790 hae,
958 4729 1327 4791 ‘macelioe‚l18.audd.

375 4817 422 4865 but
437 4813 465 4864 in
478 4829 493 4865 a
504 4814 567 4865 luter
580 4813 656 4874 bend,
668 4814 731 4878 Cap.
747 4818 784 4866 1³.
820 4811 875 4864 The

1439 3873 1550 3953 laycae·

1440 3948 1541 4002 trenas,

1439 4023 1495 4073 cap.
1509 4013 1549 4060 14.
