3625 5784
616 842 887 894 irromrnrrrsrs
907 839 1122 893 CHROMOON.
1339 827 1402 892 185

174 1042 285 1160 gyser-
391 1027 464 1093 Rex
487 1025 656 1092 lohannes
678 1023 758 1090 fecit
780 1024 949 1091 oonfisea1i
972 1027 1008 1090 in
1030 1047 1149 1091 manus
1179 1047 1256 1093 suas
1285 1047 1399 1094 omnes
1412 1025 1483 1092 King

216 1123 277 1158 11811.

345 1127 562 1213 possessiones
595 1125 830 1212 episcoporum,
869 1125 1072 1205 clericorum,
1111 1127 1280 1204 abbatum,
1312 1128 1397 1214 prio·
1411 1092 1570 1209 fflffi

345 1249 418 1294 rum
452 1228 556 1294 totius
589 1227 683 1314 regni
715 1226 857 1312 Angliae,
881 1233 915 1292 et
949 1230 1105 1314 praecepit
1137 1230 1226 1314 quod
1258 1231 1287 1294 si
1321 1229 1397 1315 quis
1412 1226 1509 1276 ⁰¹¹¹¹¹ssh

343 1331 490 1416 aliquam
513 1329 637 1394 bullam
659 1350 681 1394 e
714 1348 800 1414 papa
826 1329 961 1394 missam
990 1331 1160 1416 reciperet,
1183 1331 1226 1397 ad
1256 1352 1399 1418 praesen.
1414 1299 1541 1357 property.

344 1435 426 1499 tiam
449 1433 535 1519 regis
558 1433 742 1497 duceretur.

176 1554 322 1606 curtensis,
390 1543 563 1615 Albigenses
588 1541 718 1598 haeretici
751 1549 895 1597 venerunt
917 1543 949 1596 in
979 1543 1130 1615 Angliam,
1155 1563 1279 1616 quorum
1305 1546 1399 1619 aliqui

176 1645 255 1708 fligd.
268 1645 320 1697 viii.
345 1633 589 1691 comburebantur
610 1631 680 1687 vivi.
728 1630 865 1687 Saraceni
889 1649 956 1686 oum
978 1632 1042 1704 xiij.
1065 1633 1197 1690 millibus
1219 1641 1398 1693 armatorum

177 1717 236 1776 190,
249 1717 304 1764 ¹⁹²·
344 1723 471 1796 exceptis
501 1721 653 1777 lotrioibus
676 1722 714 1776 lx.
746 1719 781 1776 de
804 1719 906 1776 Africo
928 1713 1094 1788 venerunt,¹
1119 1728 1150 1778 et
1182 1733 1399 1797 occupaverunt

346 1831 483 1884 magnam
517 1815 629 1884 partem
668 1809 832 1882 Hispania,
865 1810 943 1865 unde
980 1829 1057 1882 papo
1088 1813 1278 1870 Innocentius
1316 1815 1398 1872 misit

346 1903 470 1958 nuncios
504 1901 539 1956 ad
585 1900 713 1954 diversas
745 1898 877 1954 nationes
911 1917 964 1970 pro
996 1899 1125 1957 subsidio
1151 1903 1249 1958 Terras
1284 1911 1401 1962 sanctes.

344 1993 422 2049 Nam
455 1989 592 2046 Saraceni
628 1993 779 2044 erexerant
813 1988 991 2044 munitiones
1025 1989 1057 2044 in
1091 1996 1191 2046 monte
1213 1991 1329 2048 Thabor
1359 1994 1397 2050 ad

344 2080 548 2139 debellandum
570 2078 687 2135 Acrem.

388 2172 453 2227 Hoo
489 2168 579 2224 etiam
624 2184 701 2222 anno
746 2170 863 2222 sanctus
902 2167 1075 2224 Franciscus
1113 2170 1224 2242 incepit
1260 2173 1394 2232 ordinem

345 2262 481 2317 Fratrum
504 2259 652 2313 minorum
679 2254 766 2326 juxta
787 2256 943 2311 Assisium.
991 2257 1053 2313 Rex
1085 2259 1217 2316 Francius
1252 2281 1319 2317 oum
1350 2284 1396 2321 co·

345 2353 426 2423 pioso
458 2348 587 2404 exercitu
619 2345 721 2400 littora
744 2345 936 2400 Normanniae
969 2353 1070 2402 contra
1102 2367 1200 2419 regem
1228 2351 1396 2409 Johannem

345 2437 506 2511 occupavit.
563 2434 725 2491 Pendulsus
752 2452 835 2506 popm
870 2434 984 2506 legatus
1006 2436 1146 2508 Angliam
1176 2439 1267 2507 vonit,
1299 2460 1398 2514 regom

345 2529 509 2586 Johannem
543 2525 580 2580 do
613 2523 740 2596 parendo
764 2523 904 2579 Romonee
938 2525 1070 2581 ecclesiae
1093 2529 1230 2583 convenit
1252 2528 1396 2601 districto,

344 2637 394 2674 rex
416 2621 514 2673 autem
536 2613 639 2669 videns
662 2613 854 2683 undecunque
878 2613 1042 2684 periculum
1073 2616 1129 2670 sibi
1153 2617 1307 2676 imminere
1331 2627 1394 2676 tum

343 2725 394 2780 per
415 2723 514 2776 regem
537 2701 669 2758 Francius
693 2707 757 2756 turn
780 2719 832 2773 per
861 2720 994 2773 proceres
1025 2722 1092 2760 suos
1122 2706 1174 2778 qui
1204 2723 1256 2778 per
1285 2711 1395 2782 scripta

343 2814 395 2852 sua
430 2793 494 2865 regi
532 2791 664 2848 Franoiae
703 2809 734 2846 se
773 2783 990 2857 devinxerunt,2
1027 2798 1124 2848 toturn
1154 2812 1279 2866 regnum
1309 2817 1394 2856 suum

342 2885 460 2956 Angliee
482 2890 513 2939 et
535 2880 687 2936 Hiberniae
721 2897 774 2953 pro
797 2897 827 2935 se
858 2880 1076 2937 etheredum
1105 2883 1167 2938 sais
1199 2902 1282 2957 papae
1305 2889 1397 2945 Inno-

342 2973 439 3032 centio
472 2971 593 3045 ejusque
626 2968 779 3026 catholicis
813 2969 1027 3025 suecessoribus
1058 2971 1090 3025 in
1121 2979 1296 3045 perpetuum
1319 2979 1394 3033 obli·

342 3063 435 3136 garit,
458 3064 500 3118 ita
522 3059 651 3134 quidem,
675 3057 753 3131 quod
783 3057 845 3129 ipse
868 3064 899 3113 et
921 3059 1052 3115 haeredes
1074 3061 1120 3116 sui
1143 3061 1279 3135 deinceps
1301 3066 1398 3124 forent

343 3140 488 3208 leoderii³
519 3149 648 3206 ecclesiae
684 3147 835 3214 Romnum,
858 3147 1006 3204 reddendo
1027 3149 1179 3206 annuatim
1211 3170 1264 3224 pro
1286 3155 1397 3228 Anglia

343 3242 404 3298 deo.
427 3258 538 3296 marces
561 3245 592 3294 et
628 3255 680 3310 pro
704 3237 847 3292 Hibernia
869 3230 943 3293 coo.⁴
964 3256 1086 3304 marcas,
1111 3241 1153 3295 ita
1177 3241 1303 3312 quodsi
1335 3247 1397 3318 ipse

342 3332 390 3386 rel
413 3330 519 3402 uliquis
542 3327 694 3383 haeredum
716 3344 836 3382 suorum
860 3326 896 3382 ab
919 3328 975 3382 huo
997 3328 1166 3385 conditione
1188 3331 1235 3386 vel
1251 3333 1397 3391 solutione

343 3420 469 3487 deficiat,
492 3437 510 3474 o
529 3417 596 3490 jure
618 3415 703 3488 regni
727 3415 818 3471 cadat.

386 3510 457 3566 Post
487 3509 552 3564 haee
574 3505 736 3562 Pandulins
771 3505 900 3571 recessit,
925 3513 956 3562 et
981 3523 1082 3578 regem
1104 3508 1239 3567 Franoire
1261 3512 1298 3568 de
1319 3514 1396 3571 Nor*

342 3598 461 3656 mannia
494 3597 589 3654 redire
623 3594 728 3666 coegit.
774 3594 940 3666 Stephanus
973 3613 1043 3652 vero
1070 3599 1305 3674 archiepiscopus
1328 3621 1396 3660 cum

342 3686 511 3745 ooexulibus
542 3683 603 3742 suis
625 3681 766 3755 Angliem
797 3683 889 3750 venit,
918 3684 970 3756 qui
1000 3702 1101 3757 regem
1133 3705 1200 3744 oum
1234 3691 1397 3749 fautoribus

341 3779 402 3833 suis
424 3778 455 3832 in
478 3774 600 3831 ecclesio
622 3772 827 3846 Wyntoniensi
858 3772 993 3839 absolvit,
1018 3775 1150 3847 praestita
1182 3783 1282 3836 tamen
1312 3780 1396 3853 jum.

341 3866 417 3923 toria
439 3865 573 3922 cautione
595 3863 631 3918 de
654 3861 840 3918 restitutione
863 3861 1027 3918 ablatorum
1050 3865 1193 3924 iacienda.

386 3959 471 4026 Cum
493 3958 537 4024 ab
558 3956 673 4042 iniquo
696 3976 773 4041 rege
795 3954 949 4021 Johanne
972 3956 1055 4024 talia
1076 3959 1138 4024 ut⁶
1168 3965 1396 4048 supradictum
1409 3973 1539 4024 Revertor

340 4066 392 4129 eet
425 4064 610 4146 agerentur,
633 4057 886 4122 insurrexerunt
918 4057 957 4122 in
989 4079 1065 4124 eum
1097 4069 1270 4148 magnates
1301 4039 1553 4154 regni*¹¹⁰.¹¹⁰}'¹²⁵

340 4160 518 4249 multiplici
540 4158 735 4226 necessitate
759 4158 876 4238 coacti,
891 4159 955 4224 eo⁶
971 4160 1059 4245 quod
1074 4163 1183 4228 uoluit
1204 4165 1473 4250 permitteretur
1488 4173 1566 4228 John.

372 4392 522 4442 ¹aenersnr
532 4389 570 4456 er]
590 4386 730 4448 venientes,
740 4385 819 4454 nigu
927 4385 983 4438 ‘oo
999 4425 1007 4438 .
1025 4425 1033 4438 .
1051 4425 1058 4438 .
1076 4388 1227 4456 meletiam]
1255 4391 1317 4444 'l‘his
1336 4396 1398 4464 long

371 4471 382 4506 ²
398 4468 579 4535 devinxerunt]
662 4466 841 4532 adiunxerant,
893 4481 1002 4532 passage
1021 4465 1043 4516 is
1061 4467 1166 4519 omitted
1183 4469 1211 4519 in
1233 4471 1278 4521 the
1296 4481 1352 4524 text
1370 4475 1401 4526 of

338 4550 416 4616 Higd.
894 4545 938 4603 A„
966 4545 1011 4596 but
1038 4545 1085 4597 has
1104 4548 1170 4597 been
1198 4548 1295 4602 written
1318 4567 1353 4602 ou
1381 4571 1398 4610 a

371 4629 382 4663 ¹
398 4630 467 4681 Here
477 4628 504 4679 iu
522 4625 620 4695 margia
631 4624 660 4680 ol
668 4625 702 4679 Α.
723 4623 745 4678 is
758 4623 843 4680 Inter·
894 4631 1010 4687 separate
1022 4623 1071 4687 slip
1082 4623 1164 4677 which
1175 4643 1233 4678 now
1243 4627 1265 4681 is
1275 4636 1399 4688 mounted

338 4709 428 4762 dietam
441 4706 583 4760 rolmara.
894 4717 930 4756 oa
946 4701 993 4756 tol.
1013 4706 1065 4758 ela
1085 4703 1115 4758 ot
1133 4703 1178 4758 tte
1196 4710 1350 4777 manarenpt
1370 4729 1399 4767 as

371 4789 462 4856 ηοω]
482 4783 707 4852 ducentas,Higd.
894 4779 914 4833 it
942 4781 989 4836 has
1024 4783 1088 4838 been
1115 4785 1230 4856 repaimd
1257 4786 1327 4846 sinte
1355 4793 1399 4850 tha

371 4867 382 4904 ⁸
398 4867 440 4939 ut]
455 4866 555 4921 written
568 4863 698 4920 atoratte
711 4861 761 4916 line
772 4859 799 4913 in
809 4859 842 4914 A.
894 4861 948 4916 tre·
