3625 5784
448 913 489 976 36
732 971 739 984 ,
800 923 948 974 sanarer
972 921 1154 974 munros

450 1117 638 1176 nominavit?
684 1118 742 1176 Sed
764 1123 826 1174 esto
849 1119 928 1191 quod
950 1118 1060 1174 femine
1081 1118 1146 1174 vult
1168 1133 1295 1188 purgare
1317 1113 1499 1188 pontificem,

450 1207 501 1263 sed
523 1207 588 1280 quis
621 1208 759 1281 purgabit
792 1226 857 1264 eam
891 1226 958 1280 qua
992 1207 1101 1264 dicitur
1133 1205 1312 1262 consensisse
1334 1206 1367 1260 in
1398 1220 1499 1261 necem

449 1296 504 1353 filii
526 1297 573 1354 sui
588 1297 707 1354 Aluredi
732 1303 762 1354 et
784 1314 952 1369 procurasse
974 1315 1120 1353 venenum
1142 1295 1309 1351 Eduardo?
1356 1293 1414 1349 Sed
1436 1297 1498 1349 esto

450 1386 528 1460 quod
550 1387 754 1442 auctoritatem
775 1387 880 1442 habeat
896 1404 984 1459 supra
1006 1405 1090 1443 sexus
1112 1383 1318 1450 conditionem,
1333 1383 1360 1439 si
1381 1388 1499 1440 tantum

336 1491 338 1494 ·
449 1493 501 1548 pro
524 1493 555 1532 se
578 1475 641 1548 ipsa
669 1479 793 1548 quatuor
815 1493 916 1550 passus
950 1482 981 1532 et
1002 1493 1056 1549 pro
1078 1475 1213 1547 episcopo
1235 1473 1364 1546 quinque
1397 1490 1499 1546 prasus
1544 1501 1550 1511 ·

449 1565 603 1621 continuos
625 1582 712 1638 super
745 1567 770 1622 9.
794 1565 903 1636 ignitos
925 1583 1056 1621 vomeres
1087 1564 1175 1620 nudis
1197 1562 1319 1636 pedibus
1341 1567 1372 1619 et
1403 1562 1499 1634 plenis

448 1653 581 1726 vestigiis
612 1653 665 1711 illa
693 1653 853 1720 transierit,
875 1655 913 1710 ab
935 1653 1120 1727 impetitione
1142 1653 1199 1708 ista
1220 1651 1326 1708 evadat
1356 1650 1497 1708 absoluta.

448 1743 618 1815 Prrellgitur
651 1743 730 1800 illico
753 1743 815 1799 dies
836 1744 980 1800 examinis
1012 1761 1070 1816 quo
1101 1757 1153 1799 rex
1173 1747 1205 1798 et
1235 1741 1335 1799 ceteri
1367 1757 1499 1814 proceres

372 1840 377 1849 '
448 1837 568 1906 excepto
601 1833 661 1888 solo
695 1831 823 1888 Boberto
861 1839 1069 1889 convenerunt.
1115 1832 1174 1889 Sed
1196 1836 1282 1888 nocte
1315 1829 1499 1904 praecedente

449 1922 527 1979 diem
559 1919 701 1979 examinis
723 1922 831 1978 mulier
862 1922 900 1978 ad
932 1923 1096 1994 sepulcrum
1126 1921 1221 1977 sancti
1244 1920 1382 1977 Swithini
1404 1919 1497 1994 Wyn·

449 2011 590 2068 boniensis
627 2029 765 2084 perorans
803 2013 965 2068 confortate
1002 2017 1057 2078 est,
1095 2011 1174 2066 unde
1211 2011 1243 2065 in
1281 2009 1328 2065 die
1365 2008 1499 2082 sequenti

449 2101 554 2158 velatis
577 2100 669 2157 oculis
701 2101 813 2174 ignitos
847 2119 978 2158 vomeres
1010 2101 1055 2156 nil
1089 2100 1159 2156 lasa
1191 2099 1371 2172 pertransiit.
1416 2099 1500 2155 luno

448 2207 499 2247 rex
529 2191 724 2262 ingemiscens
757 2196 788 2249 et
810 2191 927 2248 veniam
958 2195 1060 2263 petens
1090 2189 1276 2262 disciplinam
1307 2190 1344 2245 ab
1373 2194 1499 2261 utroque

450 2279 572 2352 pressule
601 2285 633 2337 et
662 2281 751 2337 etiam
785 2299 803 2336 a
836 2286 929 2337 matre
960 2297 1014 2336 auo
1051 2279 1171 2352 recepit,
1209 2283 1240 2335 et
1277 2279 1374 2334 ablata
1410 2279 1498 2334 matri

448 2369 586 2425 restituit.
631 2369 714 2426 'lunc
736 2371 838 2441 regins
862 2371 967 2426 Emma
989 2369 1072 2425 dedit
1094 2373 1194 2424 sancto
1227 2367 1371 2424 Swithino
1391 2385 1498 2424 novem

448 2459 588 2526 maneria,
624 2463 654 2514 et
686 2459 837 2533 episcopua
874 2459 934 2516 alia
969 2477 1076 2515 norem
1113 2457 1244 2514 mannia
1281 2463 1398 2530 propter
1431 2457 1498 2514 illos

447 2565 553 2605 novem
590 2565 720 2607 vomeres
766 2567 837 2622 quos
875 2549 981 2605 Emma
1016 2548 1194 2622 pertransiit.
1241 2547 1385 2604 Robertus
1428 2565 1497 2604 vero

449 2637 666 2694 Oentuariensis
689 2639 767 2710 fugit
790 2638 821 2694 in
844 2637 1065 2696 Normanniam.

493 2727 656 2784 Ellwordus
693 2729 801 2800 praesul
837 2726 1049 2785 Londoniensis
1086 2732 1117 2783 et
1154 2727 1300 2800 quondam
1336 2726 1424 2782 abbas
1461 2726 1498 2782 de

449 2815 588 2874 Elvisbam
611 2817 682 2872 dum
704 2821 787 2874 tanto
809 2817 948 2890 regimini
961 2835 1024 2890 prce
1045 2815 1139 2872 nimia
1161 2817 1289 2891 eorporis
1303 2814 1498 2873 invalitudine
1511 2805 1595 2870 T'l'&
1606 2806 1656 2858 0⁰¹·

449 2905 548 2962 minus
578 2905 729 2975 sufficeret,
753 2908 939 2981 Evyshamiae
962 2906 1118 2980 presidere
1149 2907 1254 2975 veluit,
1285 2905 1337 2962 sed
1358 2905 1499 2962 iratribus
1511 2875 1585 2924 ⁸⁸³&

448 2996 508 3050 suis
531 2995 587 3052 looi
619 2995 651 3051 id
681 2997 892 3062 recusantibus,
925 2997 1030 3052 ablatis
1062 2995 1146 3052 libris
1177 3002 1208 3052 et
1228 2996 1315 3052 rebus
1348 3013 1420 3068 quos
1450 2997 1498 3052 rel

447 3085 509 3157 ipse
540 3085 587 3143 vel
619 3085 841 3158 predecessores
874 3085 920 3142 sui
946 3085 1130 3159 llvyahamiae
1164 3086 1353 3142 contulerunt
1382 3103 1498 3142 monas-

447 3173 532 3241 terio,
582 3174 725 3232 Ramesioe
763 3173 889 3231 contulit
937 3193 977 3242 se,
1016 3175 1116 3247 ibique
1163 3176 1222 3232 cito
1259 3181 1326 3248 post
1371 3175 1498 3232 moriens

447 3261 592 3336 sepelitur.

492 3351 555 3407 Rex
577 3351 736 3408 Edwardus
766 3357 927 3424 congreget
957 3353 1077 3410 classem
1100 3354 1290 3426 praevalidam
1322 3353 1401 3428 apud
1424 3353 1497 3411 sm·
1512 3345 1591 3412 ffiss‘l
1602 3347 1647 3398 *ii-

447 3439 545 3496 dicum
561 3446 678 3513 portum
694 3447 795 3498 contra
808 3459 908 3514 regem
922 3435 1161 3514 Noriganorum¹
1176 3443 1340 3500 Haraldum
1354 3443 1500 3515 Hariager
1513 3416 1569 3463 ¹⁶⁶¹

446 3529 586 3601 Angliam
621 3531 794 3603 impugnare
829 3531 1042 3604 disponentem,
1067 3533 1119 3590 sed
1140 3531 1252 3588 bellurn
1274 3553 1327 3608 per
1361 3533 1497 3590 swanum

447 3635 546 3690 rogem
570 3619 716 3676 Dacorum
739 3620 784 3675 illi
807 3620 925 3676 illatum
948 3627 1043 3678 totum
1066 3621 1228 3695 impedivit.
1275 3622 1345 3680 Alio
1369 3629 1499 3695 tempore

448 3709 570 3764 tradunt
592 3707 688 3781 ipsum
720 3727 819 3782 regem
843 3711 1018 3767 Edwardum
1052 3710 1131 3766 inter
1151 3711 1306 3768 missarum
1339 3712 1501 3784 solempnia

449 3803 551 3854 eontra
572 3816 683 3855 morem
705 3799 819 3857 risisse:
843 3800 1019 3856 mirantibus
1040 3800 1092 3872 qui
1114 3799 1236 3857 aderent
1261 3807 1292 3858 et
1313 3817 1430 3857 canam
1451 3801 1499 3856 in·

449 3887 641 3960 quirentibus,
676 3887 719 3944 cit
752 3907 813 3957 rex,
853 3889 998 3946 Convenit
1030 3888 1109 3946 inter
1142 3890 1241 3946 Denos
1271 3895 1303 3946 et
1333 3889 1499 3961 Noriganos

451 3977 588 4048 angliam
613 3977 757 4046 invadere,
775 3979 825 4035 sed
848 3979 962 4036 cunetis
983 3979 1021 4034 ad
1035 3979 1235 4052 navigandum
1258 3980 1368 4055 paretis
1391 3978 1500 4052 optulit

449 4066 596 4140 quispiam
628 4067 701 4140 ipsis
723 4067 905 4140 navigaturis
938 4069 1058 4126 calicem
1092 4069 1224 4126 medonis
1256 4069 1294 4126 ad
1325 4069 1498 4143 potandum,

449 4156 612 4228 imprecans
635 4156 695 4213 illis
718 4157 874 4230 probosum
906 4177 1012 4216 nomen
1035 4159 1062 4215 si
1082 4178 1143 4215 non
1165 4159 1307 4216 biberent.
1350 4159 1396 4216 Ac
1427 4159 1499 4214 dum

448 4245 523 4302 calix
561 4246 646 4303 calici
684 4247 822 4304 successit
858 4247 983 4306 ebrietas
1015 4265 1099 4306 versa
1135 4254 1180 4305 eat
1211 4249 1243 4304 in
1281 4249 1497 4322 loquacitatem,

447 4335 608 4409 loquacitas
630 4335 662 4392 in
684 4337 777 4404 liam,
801 4337 838 4394 lis
871 4336 903 4394 in
925 4356 1066 4410 pugnam,
1090 4338 1189 4412 sicque
1211 4339 1334 4412 dispersi
1364 4335 1402 4396 ab
1423 4337 1498 4394 invi·

446 4442 510 4482 cem
533 4425 710 4496 disilierunt,
733 4432 764 4484 et
786 4441 869 4500 spero
902 4427 981 4500 quod
1003 4428 1036 4484 in
1068 4427 1171 4484 diebus
1192 4427 1267 4486 meis
1299 4415 1499 4502 aumigene'

446 4533 506 4571 uon
528 4515 675 4574 vexabunt
697 4521 803 4574 terram
826 4533 931 4576 meam.

477 4757 487 4794 ¹
503 4757 716 4825 Noriaycnonm,
727 4761 785 4814 MS·
995 4759 1044 4894 ng
1054 4763 1133 4816 Rom
1145 4763 1179 4814 A.
1190 4763 1241 4815 and
1257 4761 1353 4832 Higd.;
1369 4762 1497 4832 diogiae,
