3625 5784
636 878 906 954 tricesimos
931 905 1146 956 cssomcos.
1196 848 1214 874 χ
1377 894 1419 958 45

368 1099 457 1168 fieret,
482 1101 609 1172 querelis
631 1102 729 1158 uxoris
751 1101 930 1160 emmonitus
951 1119 1015 1159 rem
1037 1101 1206 1174 perentibus
1228 1101 1290 1156 suis
1312 1100 1413 1157 defert

361 1189 417 1246 'Illi
449 1207 563 1264 qnoque
597 1191 748 1263 negotium
772 1192 915 1249 Palumbo
945 1193 1114 1264 presbytero
1136 1190 1302 1248 suburbano
1324 1189 1414 1261 potis·

369 1278 442 1334 simo
480 1285 551 1336 tuno
589 1280 803 1352 nigromantioo
842 1281 985 1356 pendunt.
1051 1281 1109 1350 Qui
1146 1287 1264 1353 sooepto
1302 1280 1416 1351 ingenti

369 1368 484 1426 sellario
506 1369 661 1443 epistolem
693 1372 839 1442 quendem
867 1371 972 1443 juveni
995 1370 1086 1437 dedit,
1110 1389 1197 1444 quem
1222 1369 1350 1426 truderet
1371 1369 1417 1424 illi

370 1457 420 1528 qni
452 1459 610 1516 novissime
643 1459 679 1516 de
710 1467 796 1516 noete
827 1461 859 1516 in
890 1461 970 1516 bivio
994 1461 1247 1532 prooemioneliter
1273 1459 1306 1514 in
1328 1477 1417 1516 curru

369 1553 539 1605 ooourreret.
583 1549 671 1606 Astet
690 1549 808 1620 juvenis
831 1550 866 1606 de
889 1555 975 1606 noete
997 1550 1030 1604 in
1052 1550 1191 1622 eompito,
1207 1549 1288 1606 videt
1310 1549 1415 1604 mulie·

368 1653 429 1692 rem
460 1643 566 1694 ornatu
599 1639 764 1696 meretricio
797 1639 886 1696 mule
917 1639 1096 1696 insidentem
1133 1639 1264 1695 crinibus
1301 1638 1414 1705 solutis,

369 1725 444 1782 vitto
475 1745 564 1784 surse
597 1734 685 1800 ceput
718 1728 907 1786 oonstrietnm
939 1746 1007 1784 eum
1028 1728 1114 1799 virge
1134 1747 1223 1784 eures
1248 1728 1281 1784 iu
1303 1746 1412 1784 menn:

368 1814 497 1872 Tandem
530 1821 676 1889 postremo
709 1818 855 1891 equitanti
886 1818 1039 1892 epistolum
1072 1835 1155 1874 sunm
1181 1817 1324 1890 porrigit;
1356 1835 1416 1890 que

367 1907 503 1976 perlecto,
528 1906 644 1964 daemon
677 1907 728 1964 ille
759 1908 929 1981 prinoipelis
963 1906 1098 1963 menibus
1129 1907 1161 1962 in
1183 1909 1289 1964 eaelum
1311 1910 1414 1963 erectis

368 1993 451 2062 dixit,
477 1996 536 2053 ‘¹0
559 1997 629 2053 deus
656 1997 840 2070 omnipotens
874 1997 1015 2070 quamdiu
1048 1995 1166 2054 durabit
1187 1995 1323 2052 Palumbi
1355 1995 1413 2052 ini-

369 2083 387 2108 “
412 2084 509 2156 quites
519 2086 533 2144 Ρ
543 2075 560 2102 ”
605 2087 667 2144 Nee
681 2104 784 2155 mors3
808 2087 950 2144 satellites
964 2085 1027 2158 ejus
1042 2105 1061 2142 e
1074 2088 1189 2144 Venere
1204 2087 1257 2142 diu
1271 2087 1413 2157 tergiver-

368 2179 450 2230 seute
472 2176 594 2230 ennlum
617 2181 791 2248 extorquent
813 2181 843 2232 et
862 2176 967 2247 juveni
988 2176 1118 2232 trudunt.
1158 2177 1198 2232 Et
1221 2175 1263 2231 sie
1285 2175 1337 2230 ille
1351 2176 1414 2233 reti

368 2279 484 2337 oompos
507 2265 618 2336 potitus
641 2269 685 2321 est
707 2265 758 2322 diu
782 2265 935 2338 suspiretis
956 2266 1121 2322 amoribus:
1145 2266 1241 2322 sedet
1256 2265 1414 2322 Palumbue

367 2353 417 2407 ubi
449 2353 591 2410 demonis
626 2355 781 2411 clamorem
814 2355 851 2410 ed
885 2356 990 2412 oaelum
1017 2355 1054 2410 de
1075 2373 1106 2410 se
1128 2355 1252 2421 audivit,
1275 2355 1414 2410 membris

366 2441 425 2498 suis
457 2443 600 2500 bausetis
633 2446 782 2502 oonfsssus
813 2450 858 2502 est
887 2463 972 2518 pepae
1003 2444 1112 2517 populo
1142 2445 1281 2501 audiente
1306 2445 1415 2501 seelera

365 2549 426 2588 sne.

409 2621 557 2679 eldredus
572 2623 783 2697 Wygornensis
805 2623 958 2696 episeopus
980 2624 1016 2679 de
1038 2623 1159 2680 licentis
1180 2625 1259 2696 regis
1280 2629 1414 2681 sunctum

366 2710 531 2768 wlstanum
562 2713 710 2771 ordinarit
735 2713 864 2786 priorem
885 2713 1048 2784 wigorniae
1072 2720 1103 2770 et
1126 2715 1317 2787 presulatum
1340 2713 1414 2770 Wil-

365 2801 528 2858 tonienssm
557 2802 681 2858 tredidit
702 2803 872 2860 Hermanno
899 2821 1022 2860 reverso.
1077 2805 1116 2859 Et
1147 2803 1206 2859 cito
1240 2809 1306 2876 pest
1338 2803 1414 2860 meri

365 2891 488 2948 trensito
522 2892 669 2964 profectus
702 2897 747 2948 est
779 2893 987 2966 Ierosolymem
1024 2883 1166 2963 peregre,l
1202 2893 1281 2963 qnod
1312 2893 1414 2948 nullus

365 2980 566 3053 episeoporum
589 2981 707 3053 Angliee
730 2999 821 3054 usqne
842 2987 914 3038 tune
937 2982 1048 3051 legitur
1069 2987 1266 3053 attemptusse.
1322 2980 1413 3052 Apud

366 3068 516 3127 Gelonium
539 3071 685 3128 Almonis
717 3071 775 3126 duo
805 3069 984 3128 monasterie
1007 3071 1160 3126 Sootorum
1191 3071 1261 3141 igne
1294 3070 1412 3143 proprie

366 3159 515 3216 eombuste
545 3165 636 3228 sunt;
669 3161 747 3232 quod
781 3159 898 3232 quidem
933 3159 1103 3216 inoendium
1140 3178 1218 3216 unus
1250 3160 1411 3216 mousobus

366 3240 497 3304 ibidem²
518 3249 637 3306 nomine
659 3250 802 3306 Paternus
824 3250 933 3305 ibidem
967 3250 1098 3306 inelusus
1130 3250 1217 3321 longe
1240 3255 1309 3306 ente
1336 3267 1412 3322 prse-

366 3335 460 3406 dixit;
484 3338 619 3410 sedigno
641 3339 815 3396 adveniente
837 3339 920 3396 nullo
942 3339 1030 3396 modo
1052 3340 1131 3396 exire
1152 3340 1257 3407 voluit,
1274 3341 1326 3396 sed
1348 3341 1411 3397 zelo

292 3427 293 3432 ’
365 3428 499 3501 mertyrii
531 3429 697 3485 combustus
730 3434 781 3486 est.
841 3428 926 3485 (lires
957 3429 1021 3485 haeo
1052 3435 1184 3501 tempore
1206 3430 1239 3486 in
1260 3429 1412 3503 provincie

365 3515 482 3588 Apulis
514 3517 635 3575 invente
666 3523 711 3574 est
741 3517 875 3590 quaedem
907 3523 1004 3574 stetur
1036 3537 1198 3575 marmores
1223 3539 1290 3576 cum
1316 3521 1411 3593 sepite

365 3623 453 3662 aeneo
476 3607 601 3664 hebsute
622 3608 764 3664 ciroulum
780 3608 822 3663 sie
844 3607 1031 3680 inscriptum,
1056 3607 1072 3634 “
1086 3609 1230 3665 Kalendis
1252 3609 1325 3665 Maii
1350 3613 1412 3666 sole

369 3696 386 3722 '⁴
410 3695 523 3752 oriente
545 3697 656 3754 hebebo
680 3702 768 3769 ceput
791 3687 941 3754 eurenm.''
987 3697 1071 3768 Quod
1097 3697 1267 3769 intelligens
1291 3699 1411 3770 quidem

366 3785 526 3842 Sureoenm
557 3803 575 3842 ι
608 3787 681 3843 duoe
708 3791 793 3843 terres
817 3803 912 3858 nuper
935 3786 1099 3859 esptivstus
1126 3787 1159 3842 in
1182 3788 1316 3844 kalendis
1337 3789 1411 3845 Maii

364 3879 464 3930 notato
501 3875 626 3932 termino
664 3877 776 3933 umbre
813 3876 894 3932 illius
932 3881 1036 3932 statum
1073 3876 1182 3949 reperit
1219 3878 1275 3932 sub
1308 3879 1411 3934 umbre

363 3962 513 4020 infinitum
535 3965 714 4032 thesaurum,
738 3983 824 4037 quem
847 3984 901 4038 pro
924 3983 976 4022 sue
996 3966 1196 4039 redemptione
1219 3967 1309 4024 dedit.

407 4053 473 4112 Ηοο
506 4054 537 4110 iu
576 4059 706 4128 temporo
739 4055 899 4112 Nioholsus
935 4057 1079 4112 secundus
1115 4063 1181 4129 post
1218 4057 1410 4114 Benedictum

363 4141 488 4214 ejectum
504 4143 540 4199 de
563 4151 673 4217 pepetn
695 4164 746 4202 suo
768 4146 843 4202 sedit
860 4145 945 4201 annis
964 4164 1039 4218 pepe
1053 4163 1137 4218 poene
1153 4147 1272 4203 duobus.
1319 4146 1411 4218 Cujus

362 4231 463 4288 diebus
479 4233 631 4291 Gellieens
651 4235 772 4291 eeclesia
794 4235 930 4290 turbetur
951 4236 1111 4308 plurimum
1134 4254 1186 4306 per
1199 4236 1410 4306 Berengerium

365 4319 561 4380 lurensneem
591 4323 838 4391 erohidisoonnm‚
874 4324 927 4396 qui
957 4326 1103 4381 eeserebet
1135 4324 1341 4380 eucharistiam
1377 4323 1410 4379 in

365 4411 450 4468 elteri
487 4430 548 4468 non
584 4432 646 4470 esse
672 4431 774 4470 rerum
807 4432 912 4486 eorpus
943 4413 1056 4470 christi
1089 4413 1140 4468 sed
1177 4413 1302 4483 figurem
1336 4411 1409 4483 ejus.

364 4498 471 4558 Contra
495 4520 581 4574 quem
603 4503 763 4561 Nieholeue
794 4523 868 4576 pepe
900 4503 997 4574 coegit
1027 4500 1185 4557 eonsilium
1207 4505 1325 4558 eentum
1347 4501 1409 4574 xiij.

362 4589 561 4664 ⁰Pl⁸⁰⁰p0rum
592 4594 671 4666 tpud
701 4593 826 4652 Wereell
849 4594 880 4648 in
903 4592 1000 4649 Italis.
1057 4591 1095 4646 Iu
1125 4607 1183 4663 quo
1214 4592 1410 4663 Bereugsrius
1421 4579 1568 4702 meet

395 4770 403 4802 ι
417 4785 533 4835 wapro,
544 4773 588 4819 not
599 4767 627 4817 iu
639 4767 715 4833 Higd.
890 4763 897 4896 ἰ
910 4845 928 4894 b
944 4764 955 4796 ²
969 4763 1061 4815 ibidem
1061 4763 1214 4910 1iplr‘eipented
1220 4767 1247 4818 in
1253 4767 1410 4834 estense„

929 4850 959 4894 nt
968 4842 1051 4895 notin
1089 4844 1095 4858 '
1134 4884 1140 4896 .
