3625 5784
420 882 485 948 444
780 896 928 947 emmor
952 896 1135 949 unienuon

419 1115 458 1153 au
481 1096 560 1151 inter
584 1098 698 1151 sanctos
721 1094 962 1152 annumerandus
984 1094 1034 1160 sit,
1059 1094 1195 1166 frequens
1222 1095 1253 1149 in
1280 1094 1371 1167 vulgo
1401 1094 1479 1152 eicnt

420 1183 568 1257 quondam
592 1184 628 1240 de
651 1184 764 1239 Thema
786 1182 895 1240 comite
918 1182 1098 1241 Lancastrioe
1120 1184 1217 1240 adhuc
1240 1183 1402 1256 deceptatio
1425 1192 1477 1241 eet

422 1275 482 1331 Sed
503 1291 605 1330 revera
626 1292 680 1329 nec
702 1272 828 1337 carceris
851 1272 969 1328 traditas
991 1291 1047 1329 neo
1073 1274 1177 1329 mortis
1204 1274 1302 1329 vilitas
1323 1288 1391 1329 cum
1422 1274 1479 1329 ista

422 1364 571 1420 sceleratis
604 1363 776 1429 debeantur,
807 1380 864 1418 neo
895 1362 986 1419 etiem
1021 1363 1203 1419 oblationum
1234 1362 1398 1435 frequentia
1427 1368 1479 1419 aut

420 1453 628 1510 miraculorum
659 1452 815 1508 simulacra
837 1470 905 1507 cum
937 1450 1008 1507 talia
1040 1454 1100 1507 siut
1132 1442 1354 1519 indifferentia}
1378 1470 1477 1525 quem-

421 1561 510 1616 quam
532 1548 668 1599 sanctum
690 1540 817 1613 probant
839 1540 898 1597 nisi
921 1540 1158 1614 corresponderet
1188 1540 1383 1598 senctimonia
1408 1542 1477 1599 uite

421 1632 623 1705 precedentis.
668 1632 748 1687 Bene
778 1648 903 1702 namque
938 1648 1004 1686 cum
1035 1648 1212 1703 unoquoque
1234 1631 1336 1702 agitur
1358 1632 1384 1686 ei
1406 1632 1478 1687 talia

421 1740 489 1779 cum
511 1722 687 1777 contritione
708 1720 826 1792 culpam
848 1719 879 1774 in
902 1737 937 1777 eo
960 1719 1077 1775 diluant
1091 1725 1142 1775 eut
1157 1738 1275 1793 pronam
1291 1720 1477 1789 imminuant,

422 1812 556 1883 quamvis
578 1808 778 1867 immediatam
800 1808 996 1866 avolationem
1026 1808 1132 1866 anime
1164 1828 1223 1865 non
1250 1809 1395 1875 efficiant3
1427 1814 1478 1865 aed

422 1901 613 1972 presumptio
636 1888 873 1971 flagitiosorum²
896 1898 1104 1971 impunitatem
1131 1899 1187 1955 sibi
1210 1903 1241 1955 et
1263 1898 1309 1955 sui
1332 1898 1478 1955 similibus

423 1989 550 2045 inaniter
582 1989 775 2062 operantium,
808 1988 933 2044 ambitio
966 1976 1081 2061 quoque
1114 1994 1316 2044 matronarum
1349 1988 1476 2043 circum-

423 2078 519 2149 girere
557 2064 758 2134 affectentium
796 2094 945 2133 rumorem
989 2077 1057 2133 talis
1103 2077 1301 2133 venerationis
1348 2078 1476 2133 multum

422 2166 582 2236 amplificat
604 2174 634 2222 et
657 2166 772 2233 dilatat,
797 2166 889 2222 donec
913 2166 1069 2222 aedifinntio
1093 2184 1178 2238 snper
1205 2184 1324 2222 arenam
1355 2167 1478 2222 fundata

422 2256 539 2311 decidat
561 2262 591 2311 et
612 2256 747 2312 labescat.

467 2347 505 2401 In
520 2346 713 2419 parliamento
727 2346 806 2417 apud
829 2345 1017 2417 Wyntoniam
1041 2346 1199 2401 decollatus
1221 2351 1266 2401 est
1282 2334 1477 2401 Edmundus³

425 2438 461 2493 dc
484 2436 659 2493 Wodestoke
684 2435 844 2491 avunculus
869 2434 963 2514 *hujus
985 2436 1064 2507 regis
1096 2452 1192 2491 comes
1215 2434 1327 2491 Cantica
1358 2452 1411 2507 pro
1441 2452 1475 2490 eo

424 2526 503 2600 qnod
524 2527 741 2598 conspiraverat
762 2530 865 2581 contm
887 2524 977 2579 istum
999 2542 1100 2596 regem
1123 2530 1158 2580 ut
1180 2523 1338 2581 dicebatur.

255 2646 407 2699 anema
470 2619 570 2684 Anno
600 2618 718 2704 gratioe
753 2632 960 2682 ncocxxvn.
995 2617 1179 2683 Edwardus
1211 2616 1378 2703 quondam
1416 2638 1475 2682 rex
1488 2622 1597 2701 leyces-

255 2735 414 2790 Edwardthe
427 2720 558 2808 anglia
581 2719 702 2785 missus
732 2723 783 2783 cst
813 2718 856 2783 cd
882 2718 1057 2784 castellum
1078 2719 1119 2784 de
1143 2718 1325 2804 Berkeleye
1350 2740 1476 2783 moram
1488 2697 1589 2742 emen.

254 2806 559 2922 mumurantem
581 2821 704 2885 ibidem
727 2818 789 2884 sub
810 2820 962 2885 euenere
983 2820 1109 2885 domini
1133 2818 1267 2887 rhome
1289 2820 1330 2885 ee
1354 2820 1478 2885 eorke-

253 2940 363 3002 110110]
428 2926 501 3009 leyc
535 2929 570 2988 et
604 2921 729 2986 domiui
751 2919 914 2985 Johnnnis
938 2921 1168 3001 Meutravere3
1199 2922 1256 3007 qui
1279 2921 1369 3008 opud
1392 2920 1479 2986 Lon·

255 3006 341 3057 Μὴ·
426 3026 541 3091 deniae
587 3024 738 3111 deputati
783 3027 862 3087 sunt
906 3022 950 3087 ad
988 3023 1059 3108 ejus
1097 3022 1291 3089 custodiam.
1361 3022 1479 3088 Cornea

425 3127 627 3194 Lancastriee
648 3124 758 3190 noluit
779 3122 920 3189 ulterius
943 3122 1066 3189 hebere
1087 3124 1271 3191 custodiam
1287 3124 1376 3189 illius
1391 3126 1479 3211 quia,

425 3233 465 3295 ut
510 3248 623 3293 rumor
658 3224 883 3313 spargebatur,
923 3224 1058 3311 quidam
1095 3226 1138 3291 de
1176 3226 1309 3291 secretis
1347 3226 1479 3312 entiqui

426 3332 513 3419 regis
536 3329 731 3396 nitebantur
750 3349 810 3414 per
824 3324 1100 3403 machinamenta,
1116 3327 1196 3392 dum
1219 3348 1326 3393 comes
1344 3326 1479 3393 aliunde

426 3434 513 3501 circa
545 3453 608 3497 sue
640 3429 793 3497 faciende
816 3433 995 3515 occupatus
1022 3434 1118 3507 esset,
1141 3428 1245 3494 furari
1276 3435 1310 3495 et
1336 3428 1481 3495 latenter

428 3556 504 3600 eum
535 3532 697 3598 ebducere
729 3530 769 3595 (10
800 3528 936 3595 castello
969 3529 1011 3594 de
1046 3529 1308 3617 Kellyngworth.
1356 3530 1479 3597 Eodem

255 3628 380 3709 renea·
427 3656 515 3703 anno
537 3640 613 3721 post
634 3630 869 3697 decensionem
892 3629 986 3695 venit
1008 3652 1067 3695 rex
1091 3630 1275 3695 Edwardus
1298 3651 1372 3697 cum
1395 3632 1481 3696 mul-

257 3720 415 3788 ¹¹⁰⁸⁰fi⁸¹¹⁰¹¹
430 3738 473 3803 tis
496 3733 707 3823 magnatibus
730 3732 771 3797 de
798 3752 900 3818 regno
926 3731 1016 3818 apud
1039 3730 1175 3796 Novum
1206 3738 1350 3798 castrum
1381 3754 1480 3819 super

255 3792 402 3906 ‘ti-im.
429 3839 559 3925 tynam
596 3833 888 3901 retractandum
926 3832 968 3898 de
1005 3853 1084 3919 pace
1122 3832 1211 3899 inter
1248 3834 1404 3921 Angues
1446 3839 1481 3901 ei

256 3923 327 3974 ¹⁸¹¹&
430 3940 553 4016 Socios,
578 3937 635 4001 sed
661 3934 752 4001 Secti
783 3938 966 4000 renuerunt
997 3938 1178 3999 tractatum
1212 3940 1347 4022 propter
1379 3956 1480 4021 quan·

430 4042 506 4107 dem
529 4038 781 4105 conventionem
804 4036 923 4101 initam
946 4036 1035 4099 inter
1062 4035 1136 4100 illos
1163 4042 1197 4101 01
1224 4042 1362 4101 matrem
1394 4037 1481 4125 regis

429 4141 612 4219 Isabeilam,
645 4144 680 4204 et
712 4136 925 4202 Edmundum
957 4136 1110 4201 comitem
1142 4134 1279 4214 Centies,
1311 4142 1345 4202 et
1375 4136 1481 4227 Roge-

429 4266 503 4309 rum
544 4242 585 4307 dc
607 4238 765 4305 Mortuo⁴
788 4238 873 4303 mari
907 4237 985 4301 dum
1022 4241 1150 4303 starent
1182 4236 1217 4301 in
1250 4240 1482 4305 transmarinis

427 4352 544 4413 contra
564 4364 718 4409 coronam
741 4339 879 4426 Angliae.
926 4338 971 4404 Et
1003 4338 1082 4403 dum
1118 4360 1177 4403 rex
1210 4345 1296 4406 esset
1318 4339 1353 4405 in
1377 4341 1483 4428 perti·

460 4684 467 4715 ¹
486 4679 661 4747 indifferentia
696 4676 783 4727 stands
816 4690 850 4726 ou
886 4673 929 4724 the
955 4674 958 4761 J
1012 4672 1154 4723 ³Heroon
1173 4669 1271 4739 margin
1290 4670 1362 4722 efA.
1381 4672 1443 4739 only
1461 4670 1483 4723 ie

427 4760 528 4827 margin
538 4760 564 4808 in
575 4758 610 4808 Δ.
981 4750 1069 4801 Comes
1084 4748 1236 4801 Ednundar
1247 4748 1394 4801 decollatae.

459 4834 738 4903 rstapitiorum,11ipd.
953 4783 957 4877 i
1010 4830 1020 4863 ⁴
1039 4828 1150 4889 Mortuo,
1161 4831 1210 4891 A.;
1228 4826 1322 4888 Morte,
1333 4828 1391 4881 ΜΒ.
