3625 5784
619 881 892 932 surossruussrs
915 881 1129 934 onnomoou.
1339 871 1401 940 177

1413 1055 1498 1106 Death
1509 1056 1537 1105 of

391 1064 506 1131 Obiit¹
540 1067 645 1154 igitur
676 1091 735 1133 rex
774 1069 935 1134 Ricardus
969 1085 1006 1132 x⁰
1029 1091 1116 1136 anno
1154 1071 1248 1157 regni
1281 1069 1332 1134 sui
1365 1071 1401 1134 in
1415 1121 1525 1172 sichard
1538 1124 1560 1173 L

348 1157 562 1232 Narmannia.

393 1271 542 1356 Septimo
564 1271 784 1338 kalendarum
815 1273 950 1360 Aprilis,
972 1279 1008 1338 et
1025 1274 1127 1358 juxta
1149 1280 1279 1360 patrem
1302 1297 1398 1340 suum
1413 1271 1561 1323 niebufial.

274 1371 279 1385 ’
347 1371 530 1438 Henrioum
553 1374 643 1460 apud
667 1375 807 1440 Fontem
831 1376 972 1440 Ebrardi
994 1376 1126 1461 sepulta
1148 1383 1200 1442 est
1226 1399 1355 1462 parsJ
1326 1377 1398 1461 ejus

346 1495 464 1560 eorpus
486 1497 574 1540 auno
596 1477 714 1562 gratiae
736 1493 880 1542 hoxolx.

390 1579 559 1646 Johannes
605 1582 711 1646 frater
748 1583 819 1667 ejus
856 1584 962 1649 sciens
1000 1605 1034 1648 se
1073 1605 1141 1648 non
1178 1583 1285 1648 admit
1271 1585 1314 1648 tti
1352 1584 1396 1649 ad
1410 1563 1502 1680 {¹¹3¹oe

345 1703 482 1768 regnum
506 1683 638 1769 Angliae
669 1705 690 1748 a
724 1685 937 1771 magnatibus
970 1689 1066 1750 terrae
1093 1685 1297 1770 Anglioanae,
1320 1707 1394 1750 cunr
1409 1695 1551 1746 eauseshis

346 1785 614 1870 propinquiorem
637 1785 799 1852 haberent
833 1788 927 1874 regni
959 1809 1186 1862 suooeasorem,
1209 1787 1394 1851 Arthurum
1410 1765 1537 1878 ζξζῗξῖζ,
1538 1778 1555 1810 ⁰

244 1905 263 1984 ι·
301 1889 323 1918 '·
347 1885 471 1950 seilicet
502 1886 609 1950 filiam
647 1887 760 1952 fratris
793 1888 844 1951 sui
880 1888 1018 1952 senioris
1051 1887 1194 1952 Galfridi
1229 1889 1396 1972 quondam

177 2881 322 2942 Cirnensis,

178 2965 232 3014 esp.
244 2954 285 2998 8⁹.

180 3041 259 3106 mgr.
274 3040 323 3091 aa.

181 3113 302 3158 lto-174.

347 1987 438 2053 (lueis
461 1989 652 2066 Britanniae,
675 2011 749 2054 oum
785 1989 894 2055 adhuc
918 1996 1004 2054 esset
1037 1990 1074 2053 in
1104 1990 1289 2075 Aquitania
1311 2012 1398 2055 oom-

346 2088 541 2174 prehensum
566 2111 704 2176 puerum
720 2089 795 2155 dolo
817 2091 939 2168 tenuit,
961 2097 996 2154 et
1018 2089 1159 2156 oooidit²
1181 2113 1240 2176 per
1261 2113 1397 2155 manum

346 2191 499 2276 armigeri
522 2191 573 2255 sui
597 2191 688 2256 Petri
712 2191 752 2256 de
776 2191 865 2256 Malo
888 2191 986 2267 Laon,
1011 2190 1065 2255 oui
1088 2197 1204 2277 postea
1227 2191 1396 2256 haeredem

347 2291 491 2356 baroniae
514 2291 555 2356 de
579 2292 725 2378 Mulgrof
753 2291 847 2357 dedit
880 2293 917 2356 in
950 2314 1101 2368 uxorem,
1135 2293 1206 2357 loco
1240 2294 1398 2358 meroedis

345 2393 477 2478 iniquae.
535 2394 700 2458 Reversus
743 2394 914 2459 Johannes
947 2395 984 2458 in
1022 2394 1179 2481 Angliam
1217 2416 1238 2458 a
1275 2395 1398 2481 populo

344 2499 441 2560 terrae
464 2501 635 2582 susceptus
658 2502 717 2574 est,
742 2501 777 2560 et
800 2497 863 2561 die
887 2495 1125 2562 Ascensionis³
1149 2496 1275 2559 domini
1309 2519 1398 2560 anno

345 2596 490 2680 ejusdem
507 2613 653 2663 Moxorx.
675 2597 764 2683 apud
780 2596 1110 2662 Wostmonastsrium
1132 2619 1191 2682 per
1207 2597 1340 2662 Hubert
1326 2602 1397 2661 tum
1411 2588 1567 2704 ffffistgiffl

346 2699 617 2765 Oantueriensem
666 2699 947 2785 arehiepiscopum
984 2700 1163 2765 solenniter
1207 2702 1244 2763 in
1288 2723 1440 2786 regem
1411 2738 1440 2770 a
1453 2721 1523 2785 nug

345 2807 551 2865 consecratus
573 2801 623 2886 vj⁰
645 2802 770 2867 scilieet
791 2801 1010 2866 kalendarum
1034 2802 1139 2866 Junii.

393 2911 538 2967 Successit
559 2912 624 2982 regi
659 2912 784 2968 Rioardo
817 2912 881 2967 sine
920 2912 1019 2966 liberis
1059 2912 1177 2966 obeunti
1210 2912 1299 2967 frater
1330 2929 1400 2968 suus

348 3000 516 3056 Johannnes
540 3001 636 3056 dietus
659 3002 722 3056 sins
755 3008 843 3068 terra,
868 3001 919 3073 qui
943 3000 1041 3056 statim
1066 3001 1220 3072 ooaupavit
1250 3002 1400 3056 thesauros

347 3089 425 3160 regis
455 3088 574 3145 Ricardi
597 3091 674 3163 apud
698 3090 873 3152 Ohinonem.
898 3095 929 3146 et
951 3089 1033 3145 misit
1056 3090 1223 3144 Hubertum
1255 3091 1399 3162 arehiepi-

347 3195 466 3250 scopum
501 3179 538 3235 ad
563 3180 795 3252 componendum
830 3197 876 3234 res
912 3179 944 3234 in
968 3178 1086 3250 Anglia
1134 3178 1192 3234 Sed
1215 3179 1340 3234 Thomas
1363 3180 1399 3234 do

348 3259 502 3339 Τοιτιθγιι4
523 3268 646 3324 tradidit
679 3267 883 3339 Andagaviam
906 3268 1039 3323 Arthuro
1062 3268 1123 3322 lilio
1156 3268 1278 3322 senioris
1301 3268 1400 3324 fratris

348 3354 475 3412 Gallridi
508 3357 576 3412 duci
607 3357 782 3424 Britannias,
806 3356 857 3413 ubi
887 3357 1098 3413 conuenientes
1129 3375 1261 3429 proeoros
1298 3357 1399 3413 Ande·

347 3444 451 3516 garire,
499 3446 716 3512 Oenomanniae,
763 3453 793 3502 et
837 3446 974 3502 Turonioe
1029 3446 1216 3501 adhaeserunt
1268 3446 1399 3502 Arthuro

347 3535 506 3590 seeundum
551 3535 792 3591 consuetudinem
831 3541 917 3591 terrm
957 3535 1041 3589 illius
1078 3536 1130 3589 ubi
1176 3537 1254 3590 filius
1299 3536 1399 3590 fratris

346 3624 468 3678 senioris
506 3624 635 3680 suooedit
666 3627 743 3697 patri
778 3625 802 3680 si
844 3624 1061 3696 primogenitus
1084 3623 1199 3679 decedit
1230 3625 1293 3680 sino
1328 3625 1398 3680 filio.

346 3711 520 3769 Constantia
556 3732 624 3770 voro
669 3715 773 3770 relicta
811 3713 939 3769 Galfridi
977 3732 1010 3768 ao
1049 3713 1199 3768 eomitissa
1237 3714 1399 3769 Britanniae
1444 3752 1447 3756 -

345 3802 468 3857 tradidit
500 3803 662 3858 oustodiam
700 3803 756 3858 lilii
790 3801 836 3858 sui
868 3803 994 3857 Arthuri
1028 3820 1142 3857 nsonon
1166 3808 1196 3856 et
1218 3802 1400 3858 haereditatis

345 3908 405 3946 suae
427 3892 492 3963 regi
515 3891 658 3958 lhanoiae,
675 3892 726 3947 sod
750 3892 900 3948 Johsnnes
924 3891 984 3946 cito
1000 3891 1146 3947 subvertit
1170 3891 1399 3946 cenomanniam

346 3979 414 4050 quia
452 3981 614 4037 adhaeserat
653 3981 793 4036 Arthuro.
849 3979 965 4036 Deinde
1002 3981 1033 4035 in
1073 3979 1215 4035 Paschate
1252 3981 1401 4036 Johannes

344 4069 492 4125 aooiuotus
515 4075 559 4126 est
581 4069 680 4141 gladio
703 4070 830 4126 ducatus
853 4069 1046 4126 Narmanniae
1069 4069 1148 4140 apud
1171 4067 1400 4138 Rothomagum,

343 4161 374 4213 et
411 4158 442 4213 in
474 4159 651 4216 Asoensione
689 4159 803 4215 domini
842 4164 999 4214 coronatus
1037 4162 1083 4213 est
1115 4159 1147 4212 in
1185 4174 1284 4226 rogem
1323 4158 1401 4228 apud

377 4397 386 4430 ¹
407 4397 480 4449 otia
498 4435 504 4448 .
523 4435 529 4448 .
548 4436 554 4449 .
572 4397 749 4466 Normannia]
763 4399 848 4450 These
932 4397 1028 4448 ¹Here
1051 4397 1078 4445 iu
1101 4397 1163 4446 both
1185 4397 1297 4462 margins
1315 4399 1336 4448 is
1354 4399 1403 4448 Jo-

344 4479 425 4527 uords
454 4493 497 4529 are
522 4486 567 4530 not
589 4479 616 4528 ln
640 4479 731 4543 fliga,
752 4479 799 4528 but
821 4477 848 4527 in
898 4475 1260 4527 hoauesocciditdrtlmrum.

342 4557 404 4608 both
447 4557 524 4608 MSS.
565 4557 754 4623 leycestrensis
787 4559 849 4620 only
931 4554 1218 4614 ³Asoeacionie‚llS.;
1232 4555 1406 4619 Asseneionie,

344 4650 428 4685 eomes
450 4645 477 4686 at
499 4636 544 4686 the
566 4639 616 4687 ond
632 4636 662 4688 ol
682 4637 759 4696 them,
777 4651 805 4686 as
828 4635 850 4684 if
899 4637 934 4686 A.

342 4713 405 4778 they
416 4715 461 4764 did
472 4725 518 4764 not
537 4715 631 4782 belong
649 4723 676 4766 to
692 4713 847 4781 Knighton’s
932 4710 942 4742 ⁴
964 4709 1106 4778 lhomeya.
1118 4711 1196 4778 Higd.

344 4799 407 4843 text.

434 4921 450 4956 o
486 4911 579 4960 51971.
