<?xml version="1.0" encoding="UTF-8"?>
<!DOCTYPE html PUBLIC "-//W3C//DTD XHTML 1.0 Transitional//EN"
    "http://www.w3.org/TR/xhtml1/DTD/xhtml1-transitional.dtd">
<html xmlns="http://www.w3.org/1999/xhtml" xml:lang="en" lang="en">
 <head>
  <title>
</title>
<meta http-equiv="Content-Type" content="text/html;charset=utf-8" />
  <meta name='ocr-system' content='tesseract 3.04.00' />
  <meta name='ocr-capabilities' content='ocr_page ocr_carea ocr_par ocr_line ocrx_word'/>
</head>
<body>
  <div class='ocr_page' id='page_1' title='image "./chroniconhenric00lumbgoog_0451.png"; bbox 0 0 3625 5784; ppageno 0'>
   <div class='ocr_carea' id='block_1_1' title="bbox 460 834 1164 901">
    <p class='ocr_par' dir='ltr' id='par_1_1' title="bbox 460 834 1164 901">
     <span class='ocr_line' id='line_1_1' title="bbox 460 834 1164 901; baseline -0.004 -1"><span class='ocrx_word' id='word_1_1' title='bbox 460 834 525 901; x_wconf 79' lang='lat'>428</span> <span class='ocrx_word' id='word_1_2' title='bbox 808 848 957 898; x_wconf 78' lang='lat' dir='ltr'>ammei</span> <span class='ocrx_word' id='word_1_3' title='bbox 981 846 1164 897; x_wconf 77' lang='lat' dir='ltr'>amourou</span> 
     </span>
    </p>
   </div>
   <div class='ocr_carea' id='block_1_2' title="bbox 458 1040 1669 1833">
    <p class='ocr_par' dir='ltr' id='par_1_2' title="bbox 458 1040 1669 1833">
     <span class='ocr_line' id='line_1_2' title="bbox 504 1040 1669 1105; baseline -0.007 -4"><span class='ocrx_word' id='word_1_4' title='bbox 504 1044 615 1101; x_wconf 78' lang='lat' dir='ltr'>Eodem</span> <span class='ocrx_word' id='word_1_5' title='bbox 637 1061 717 1101; x_wconf 90' lang='lat' dir='ltr'>anno</span> <span class='ocrx_word' id='word_1_6' title='bbox 748 1045 826 1101; x_wconf 90' lang='lat' dir='ltr'>circa</span> <span class='ocrx_word' id='word_1_7' title='bbox 858 1046 967 1101; x_wconf 79' lang='lat' dir='ltr'>festum</span> <span class='ocrx_word' id='word_1_8' title='bbox 1001 1044 1097 1100; x_wconf 88' lang='lat' dir='ltr'>sancti</span> <span class='ocrx_word' id='word_1_9' title='bbox 1129 1044 1210 1099; x_wconf 81' lang='lat' dir='ltr'>Petri</span> <span class='ocrx_word' id='word_1_10' title='bbox 1235 1044 1273 1099; x_wconf 89' lang='lat' dir='ltr'>ad</span> <span class='ocrx_word' id='word_1_11' title='bbox 1305 1042 1424 1099; x_wconf 79' lang='lat' dir='ltr'>rinonla</span> <span class='ocrx_word' id='word_1_12' title='bbox 1457 1060 1510 1098; x_wconf 86' lang='lat' dir='ltr'>rex</span> <span class='ocrx_word' id='word_1_13' title='bbox 1522 1040 1669 1105; x_wconf 75' lang='lat' dir='ltr'>cistrensis,</span> 
     </span>
     <span class='ocr_line' id='line_1_3' title="bbox 460 1111 1666 1207; baseline -0.003 -16"><span class='ocrx_word' id='word_1_14' title='bbox 460 1134 557 1191; x_wconf 84' lang='lat' dir='ltr'>adivit</span> <span class='ocrx_word' id='word_1_15' title='bbox 580 1133 720 1200; x_wconf 70' lang='lat' dir='ltr'>Samiam,</span> <span class='ocrx_word' id='word_1_16' title='bbox 744 1139 776 1191; x_wconf 92' lang='lat' dir='ltr'>et</span> <span class='ocrx_word' id='word_1_17' title='bbox 790 1134 926 1207; x_wconf 84' lang='lat' dir='ltr'>quamvis</span> <span class='ocrx_word' id='word_1_18' title='bbox 948 1152 1009 1189; x_wconf 93' lang='lat' dir='ltr'>non</span> <span class='ocrx_word' id='word_1_19' title='bbox 1023 1134 1145 1191; x_wconf 86' lang='lat' dir='ltr'>haberet</span> <span class='ocrx_word' id='word_1_20' title='bbox 1168 1130 1384 1199; x_wconf 67' lang='lat' dir='ltr'><strong>obsistentium,</strong></span> <span class='ocrx_word' id='word_1_21' title='bbox 1399 1132 1510 1188; x_wconf 91' lang='lat' dir='ltr'>multos</span> <span class='ocrx_word' id='word_1_22' title='bbox 1521 1111 1539 1160; x_wconf 79' lang='lat'>¹·</span> <span class='ocrx_word' id='word_1_23' title='bbox 1552 1112 1576 1161; x_wconf 64' lang='grc'><strong>7</strong></span> <span class='ocrx_word' id='word_1_24' title='bbox 1588 1126 1612 1161; x_wconf 76' lang='lat'>⁰·</span> <span class='ocrx_word' id='word_1_25' title='bbox 1624 1116 1666 1159; x_wconf 75' lang='lat'>⁴²</span> 
     </span>
     <span class='ocr_line' id='line_1_4' title="bbox 458 1198 1668 1317; baseline -0.004 -36"><span class='ocrx_word' id='word_1_26' title='bbox 458 1225 496 1281; x_wconf 87' lang='lat' dir='ltr'>de</span> <span class='ocrx_word' id='word_1_27' title='bbox 519 1223 581 1279; x_wconf 87' lang='lat' dir='ltr'>suia</span> <span class='ocrx_word' id='word_1_28' title='bbox 603 1224 680 1281; x_wconf 78' lang='lat' dir='ltr'>same</span> <span class='ocrx_word' id='word_1_29' title='bbox 703 1229 734 1279; x_wconf 90' lang='lat' dir='ltr'>et</span> <span class='ocrx_word' id='word_1_30' title='bbox 755 1224 858 1281; x_wconf 91' lang='lat' dir='ltr'>morbo</span> <span class='ocrx_word' id='word_1_31' title='bbox 882 1223 991 1279; x_wconf 88' lang='lat' dir='ltr'>amisit.</span> <span class='ocrx_word' id='word_1_32' title='bbox 1037 1224 1139 1295; x_wconf 88' lang='lat' dir='ltr'>Ipsum</span> <span class='ocrx_word' id='word_1_33' title='bbox 1162 1223 1284 1278; x_wconf 83' lang='lat' dir='ltr'>taudem</span> <span class='ocrx_word' id='word_1_34' title='bbox 1307 1240 1407 1294; x_wconf 79' lang='lat' dir='ltr'>regem</span> <span class='ocrx_word' id='word_1_35' title='bbox 1430 1198 1668 1317; x_wconf 55' lang='lat' dir='ltr'>eireaffgffl</span> 
     </span>
     <span class='ocr_line' id='line_1_5' title="bbox 459 1302 1579 1384; baseline -0.002 -15"><span class='ocrx_word' id='word_1_36' title='bbox 459 1313 646 1369; x_wconf 68' lang='lat' dir='ltr'><strong>nativitatem</strong></span> <span class='ocrx_word' id='word_1_37' title='bbox 669 1313 763 1369; x_wconf 76' lang='lat' dir='ltr'>beate</span> <span class='ocrx_word' id='word_1_38' title='bbox 778 1312 882 1369; x_wconf 73' lang='lat' dir='ltr'>Marias</span> <span class='ocrx_word' id='word_1_39' title='bbox 896 1318 1076 1369; x_wconf 88' lang='lat' dir='ltr'>remeantem</span> <span class='ocrx_word' id='word_1_40' title='bbox 1094 1312 1175 1369; x_wconf 84' lang='lat' dir='ltr'>Scoti</span> <span class='ocrx_word' id='word_1_41' title='bbox 1189 1329 1209 1368; x_wconf 89' lang='lat' dir='ltr'>a</span> <span class='ocrx_word' id='word_1_42' title='bbox 1223 1318 1308 1384; x_wconf 84' lang='lat' dir='ltr'>tergo</span> <span class='ocrx_word' id='word_1_43' title='bbox 1323 1312 1509 1383; x_wconf 76' lang='lat' dir='ltr'>insequentes</span> <span class='ocrx_word' id='word_1_44' title='bbox 1571 1302 1579 1316; x_wconf 71' lang='lat'><strong>⁴</strong></span> 
     </span>
     <span class='ocr_line' id='line_1_6' title="bbox 458 1393 1509 1476; baseline -0.003 -17"><span class='ocrx_word' id='word_1_45' title='bbox 458 1408 600 1476; x_wconf 86' lang='lat' dir='ltr'>ceperunt</span> <span class='ocrx_word' id='word_1_46' title='bbox 621 1408 751 1459; x_wconf 81' lang='lat' dir='ltr'>castrum</span> <span class='ocrx_word' id='word_1_47' title='bbox 784 1402 821 1458; x_wconf 91' lang='lat' dir='ltr'>de</span> <span class='ocrx_word' id='word_1_48' title='bbox 848 1393 999 1467; x_wconf 86' lang='lat' dir='ltr'>Norram,¹</span> <span class='ocrx_word' id='word_1_49' title='bbox 1030 1406 1061 1457; x_wconf 90' lang='lat' dir='ltr'>et</span> <span class='ocrx_word' id='word_1_50' title='bbox 1093 1401 1278 1475; x_wconf 89' lang='lat' dir='ltr'>postmodum</span> <span class='ocrx_word' id='word_1_51' title='bbox 1301 1402 1379 1458; x_wconf 90' lang='lat' dir='ltr'>circa</span> <span class='ocrx_word' id='word_1_52' title='bbox 1401 1402 1509 1457; x_wconf 80' lang='lat' dir='ltr'>laetum</span> 
     </span>
     <span class='ocr_line' id='line_1_7' title="bbox 458 1490 1509 1565; baseline -0.005 -15"><span class='ocrx_word' id='word_1_53' title='bbox 458 1494 553 1550; x_wconf 87' lang='lat' dir='ltr'>sancti</span> <span class='ocrx_word' id='word_1_54' title='bbox 576 1492 664 1548; x_wconf 76' lang='lat' dir='ltr'>Luca</span> <span class='ocrx_word' id='word_1_55' title='bbox 685 1491 876 1564; x_wconf 67' lang='lat' dir='ltr'>prandentem</span> <span class='ocrx_word' id='word_1_56' title='bbox 898 1510 1001 1565; x_wconf 84' lang='lat' dir='ltr'>regem</span> <span class='ocrx_word' id='word_1_57' title='bbox 1024 1490 1102 1564; x_wconf 90' lang='lat' dir='ltr'>apud</span> <span class='ocrx_word' id='word_1_58' title='bbox 1124 1490 1335 1547; x_wconf 82' lang='lat' dir='ltr'>monasterinm</span> <span class='ocrx_word' id='word_1_59' title='bbox 1358 1490 1395 1547; x_wconf 89' lang='lat' dir='ltr'>do</span> <span class='ocrx_word' id='word_1_60' title='bbox 1426 1490 1509 1547; x_wconf 87' lang='lat' dir='ltr'>Bella</span> 
     </span>
     <span class='ocr_line' id='line_1_8' title="bbox 459 1572 1509 1654; baseline -0.003 -16"><span class='ocrx_word' id='word_1_61' title='bbox 459 1582 561 1638; x_wconf 71' lang='lat' dir='ltr'>landa</span> <span class='ocrx_word' id='word_1_62' title='bbox 582 1600 669 1654; x_wconf 88' lang='lat' dir='ltr'>super</span> <span class='ocrx_word' id='word_1_63' title='bbox 691 1572 913 1637; x_wconf 76' lang='lat' dir='ltr'>Blakhamore¹</span> <span class='ocrx_word' id='word_1_64' title='bbox 935 1600 1010 1654; x_wconf 90' lang='lat' dir='ltr'>pene</span> <span class='ocrx_word' id='word_1_65' title='bbox 1036 1580 1325 1654; x_wconf 78' lang='lat' dir='ltr'>comprehendissent</span> <span class='ocrx_word' id='word_1_66' title='bbox 1356 1579 1414 1636; x_wconf 88' lang='lat' dir='ltr'>nisi</span> <span class='ocrx_word' id='word_1_67' title='bbox 1439 1581 1509 1651; x_wconf 82' lang='lat' dir='ltr'>luga</span> 
     </span>
     <span class='ocr_line' id='line_1_9' title="bbox 459 1669 1508 1743; baseline -0.004 -15"><span class='ocrx_word' id='word_1_68' title='bbox 459 1672 516 1728; x_wconf 87' lang='lat' dir='ltr'>eibi</span> <span class='ocrx_word' id='word_1_69' title='bbox 561 1671 766 1735; x_wconf 74' lang='lat' dir='ltr'>consuluisset,</span> <span class='ocrx_word' id='word_1_70' title='bbox 813 1676 1016 1727; x_wconf 80' lang='lat' dir='ltr'>verumtamen</span> <span class='ocrx_word' id='word_1_71' title='bbox 1062 1670 1154 1743; x_wconf 80' lang='lat' dir='ltr'>regiis</span> <span class='ocrx_word' id='word_1_72' title='bbox 1200 1670 1346 1726; x_wconf 72' lang='lat' dir='ltr'>thesauris</span> <span class='ocrx_word' id='word_1_73' title='bbox 1392 1669 1508 1725; x_wconf 85' lang='lat' dir='ltr'>amissis</span> 
     </span>
     <span class='ocr_line' id='line_1_10' title="bbox 459 1760 1014 1833; baseline -0.004 -14"><span class='ocrx_word' id='word_1_74' title='bbox 459 1760 597 1819; x_wconf 86' lang='lat' dir='ltr'>comitem</span> <span class='ocrx_word' id='word_1_75' title='bbox 620 1760 843 1817; x_wconf 82' lang='lat' dir='ltr'>Riehemundioe</span> <span class='ocrx_word' id='word_1_76' title='bbox 864 1766 1014 1833; x_wconf 86' lang='lat' dir='ltr'>ceperunt.</span> 
     </span>
    </p>
   </div>
   <div class='ocr_carea' id='block_1_3' title="bbox 290 1852 1632 1939">
    <p class='ocr_par' dir='ltr' id='par_1_3' title="bbox 290 1852 1632 1939">
     <span class='ocr_line' id='line_1_11' title="bbox 290 1852 1632 1939; baseline -0.002 -16"><span class='ocrx_word' id='word_1_77' title='bbox 290 1873 360 1923; x_wconf 73' lang='lat' dir='ltr'>nn.</span> <span class='ocrx_word' id='word_1_78' title='bbox 374 1876 446 1923; x_wconf 80' lang='lat' dir='ltr'>lam.</span> <span class='ocrx_word' id='word_1_79' title='bbox 504 1855 603 1919; x_wconf 86' lang='lat' dir='ltr'>Anno</span> <span class='ocrx_word' id='word_1_80' title='bbox 635 1854 754 1939; x_wconf 81' lang='lat' dir='ltr'>gratiae</span> <span class='ocrx_word' id='word_1_81' title='bbox 785 1869 964 1921; x_wconf 78' lang='lat' dir='ltr'>ucocxxn.</span> <span class='ocrx_word' id='word_1_82' title='bbox 999 1854 1085 1921; x_wconf 87' lang='lat' dir='ltr'>cirea</span> <span class='ocrx_word' id='word_1_83' title='bbox 1116 1852 1368 1939; x_wconf 74' lang='lat' dir='ltr'>translationem</span> <span class='ocrx_word' id='word_1_84' title='bbox 1402 1852 1508 1919; x_wconf 87' lang='lat' dir='ltr'>saneti</span> <span class='ocrx_word' id='word_1_85' title='bbox 1522 1860 1632 1934; x_wconf 52' lang='grc' dir='ltr'>Ιιεγοςεὶ</span> 
     </span>
    </p>
   </div>
   <div class='ocr_carea' id='block_1_4' title="bbox 288 1932 1622 2043">
    <p class='ocr_par' dir='ltr' id='par_1_4' title="bbox 288 1932 1622 2043">
     <span class='ocr_line' id='line_1_12' title="bbox 288 1932 1622 2043; baseline 0 -21"><span class='ocrx_word' id='word_1_86' title='bbox 288 1963 431 2015; x_wconf 75' lang='lat' dir='ltr'>TheSoots</span> <span class='ocrx_word' id='word_1_87' title='bbox 459 1958 594 2023; x_wconf 68' lang='lat' dir='ltr'>Thomas</span> <span class='ocrx_word' id='word_1_88' title='bbox 616 1958 843 2025; x_wconf 78' lang='lat' dir='ltr'>¹intrauerunt</span> <span class='ocrx_word' id='word_1_89' title='bbox 876 1955 968 2022; x_wconf 86' lang='lat' dir='ltr'>Sooti</span> <span class='ocrx_word' id='word_1_90' title='bbox 1001 1956 1038 2020; x_wconf 92' lang='lat' dir='ltr'>iu</span> <span class='ocrx_word' id='word_1_91' title='bbox 1072 1955 1228 2041; x_wconf 86' lang='lat' dir='ltr'>Angliam</span> <span class='ocrx_word' id='word_1_92' title='bbox 1266 1978 1326 2043; x_wconf 90' lang='lat' dir='ltr'>por</span> <span class='ocrx_word' id='word_1_93' title='bbox 1363 1932 1622 2021; x_wconf 57' lang='lat' dir='ltr'>mediumfflm</span> 
     </span>
    </p>
   </div>
   <div class='ocr_carea' id='block_1_5' title="bbox 288 2031 1510 2163">
    <p class='ocr_par' dir='ltr' id='par_1_5' title="bbox 288 2031 1510 2163">
     <span class='ocr_line' id='line_1_13' title="bbox 288 2031 1510 2163; baseline -0.005 -34"><span class='ocrx_word' id='word_1_94' title='bbox 288 2031 415 2163; x_wconf 41' lang='lat' dir='ltr'>lima·</span> <span class='ocrx_word' id='word_1_95' title='bbox 460 2058 634 2135; x_wconf 77' lang='lat' dir='ltr'>Fomesiae,</span> <span class='ocrx_word' id='word_1_96' title='bbox 679 2062 713 2122; x_wconf 90' lang='lat' dir='ltr'>et</span> <span class='ocrx_word' id='word_1_97' title='bbox 753 2056 948 2123; x_wconf 84' lang='lat' dir='ltr'>comitatum</span> <span class='ocrx_word' id='word_1_98' title='bbox 1002 2056 1203 2123; x_wconf 73' lang='lat' dir='ltr'>Lancmtriee</span> <span class='ocrx_word' id='word_1_99' title='bbox 1250 2058 1510 2123; x_wconf 84' lang='lat' dir='ltr'>devastaverunt</span> 
     </span>
    </p>
   </div>
   <div class='ocr_carea' id='block_1_6' title="bbox 459 2158 1509 2245">
    <p class='ocr_par' dir='ltr' id='par_1_6' title="bbox 459 2158 1509 2245">
     <span class='ocr_line' id='line_1_14' title="bbox 459 2158 1509 2245; baseline -0.001 -19"><span class='ocrx_word' id='word_1_100' title='bbox 459 2160 606 2245; x_wconf 90' lang='lat' dir='ltr'>undique</span> <span class='ocrx_word' id='word_1_101' title='bbox 654 2158 779 2244; x_wconf 77' lang='lat' dir='ltr'>absque</span> <span class='ocrx_word' id='word_1_102' title='bbox 828 2158 940 2245; x_wconf 89' lang='lat' dir='ltr'>aliquo</span> <span class='ocrx_word' id='word_1_103' title='bbox 977 2158 1099 2223; x_wconf 88' lang='lat' dir='ltr'>damno</span> <span class='ocrx_word' id='word_1_104' title='bbox 1136 2180 1279 2238; x_wconf 86' lang='lat' dir='ltr'>auorum,</span> <span class='ocrx_word' id='word_1_105' title='bbox 1317 2158 1509 2245; x_wconf 75' lang='lat' dir='ltr'>colligentes</span> 
     </span>
    </p>
   </div>
   <div class='ocr_carea' id='block_1_7' title="bbox 290 2259 1511 2757">
    <p class='ocr_par' dir='ltr' id='par_1_7' title="bbox 290 2259 1511 2757">
     <span class='ocr_line' id='line_1_15' title="bbox 458 2259 1509 2347; baseline -0.001 -20"><span class='ocrx_word' id='word_1_106' title='bbox 458 2264 652 2327; x_wconf 85' lang='lat' dir='ltr'>immensam</span> <span class='ocrx_word' id='word_1_107' title='bbox 705 2260 852 2346; x_wconf 82' lang='lat' dir='ltr'>praedam</span> <span class='ocrx_word' id='word_1_108' title='bbox 897 2259 971 2325; x_wconf 87' lang='lat' dir='ltr'>auri</span> <span class='ocrx_word' id='word_1_109' title='bbox 1028 2265 1063 2326; x_wconf 89' lang='lat' dir='ltr'>et</span> <span class='ocrx_word' id='word_1_110' title='bbox 1119 2261 1257 2347; x_wconf 85' lang='lat' dir='ltr'>argenti,</span> <span class='ocrx_word' id='word_1_111' title='bbox 1306 2262 1509 2338; x_wconf 86' lang='lat' dir='ltr'>animalium,</span> 
     </span>
     <span class='ocr_line' id='line_1_16' title="bbox 458 2360 1509 2439; baseline -0.003 -10"><span class='ocrx_word' id='word_1_112' title='bbox 458 2365 736 2437; x_wconf 79' lang='lat' dir='ltr'>ornamentorum,</span> <span class='ocrx_word' id='word_1_113' title='bbox 758 2360 1051 2427; x_wconf 85' lang='lat' dir='ltr'>ecclesiasticorum</span> <span class='ocrx_word' id='word_1_114' title='bbox 1079 2360 1280 2439; x_wconf 75' lang='lat' dir='ltr'>lectualium</span> <span class='ocrx_word' id='word_1_115' title='bbox 1303 2362 1509 2439; x_wconf 88' lang='lat' dir='ltr'>mensalium,</span> 
     </span>
     <span class='ocr_line' id='line_1_17' title="bbox 457 2462 1510 2551; baseline 0 -22"><span class='ocrx_word' id='word_1_116' title='bbox 457 2464 659 2529; x_wconf 82' lang='lat' dir='ltr'>abducentes</span> <span class='ocrx_word' id='word_1_117' title='bbox 681 2466 818 2528; x_wconf 87' lang='lat' dir='ltr'>onustus</span> <span class='ocrx_word' id='word_1_118' title='bbox 850 2468 996 2528; x_wconf 84' lang='lat' dir='ltr'>careotas</span> <span class='ocrx_word' id='word_1_119' title='bbox 1018 2462 1059 2527; x_wconf 88' lang='lat' dir='ltr'>de</span> <span class='ocrx_word' id='word_1_120' title='bbox 1091 2462 1245 2527; x_wconf 89' lang='lat' dir='ltr'>omnibus</span> <span class='ocrx_word' id='word_1_121' title='bbox 1268 2463 1363 2529; x_wconf 88' lang='lat' dir='ltr'>bonis</span> <span class='ocrx_word' id='word_1_122' title='bbox 1393 2465 1510 2551; x_wconf 72' lang='lat' dir='ltr'>patriae</span> 
     </span>
     <span class='ocr_line' id='line_1_18' title="bbox 458 2562 1505 2649; baseline 0 -18"><span class='ocrx_word' id='word_1_123' title='bbox 458 2566 502 2631; x_wconf 93' lang='lat' dir='ltr'>ad</span> <span class='ocrx_word' id='word_1_124' title='bbox 525 2586 622 2631; x_wconf 90' lang='lat' dir='ltr'>suum</span> <span class='ocrx_word' id='word_1_125' title='bbox 645 2563 813 2649; x_wconf 85' lang='lat' dir='ltr'>placitum.</span> <span class='ocrx_word' id='word_1_126' title='bbox 858 2564 1009 2629; x_wconf 84' lang='lat' dir='ltr'>Audiens</span> <span class='ocrx_word' id='word_1_127' title='bbox 1032 2586 1092 2629; x_wconf 84' lang='lat' dir='ltr'>rex</span> <span class='ocrx_word' id='word_1_128' title='bbox 1123 2562 1307 2630; x_wconf 86' lang='lat' dir='ltr'>Edwardus</span> <span class='ocrx_word' id='word_1_129' title='bbox 1331 2564 1505 2631; x_wconf 86' lang='lat' dir='ltr'>Scotorum</span> 
     </span>
     <span class='ocr_line' id='line_1_19' title="bbox 290 2664 1511 2757; baseline -0.004 -20"><span class='ocrx_word' id='word_1_130' title='bbox 290 2669 421 2737; x_wconf 69' lang='lat' dir='ltr'>ffiflsffl·</span> <span class='ocrx_word' id='word_1_131' title='bbox 459 2669 643 2735; x_wconf 90' lang='lat' dir='ltr'>adventum</span> <span class='ocrx_word' id='word_1_132' title='bbox 666 2670 701 2731; x_wconf 88' lang='lat' dir='ltr'>et</span> <span class='ocrx_word' id='word_1_133' title='bbox 723 2664 812 2731; x_wconf 90' lang='lat' dir='ltr'>mala</span> <span class='ocrx_word' id='word_1_134' title='bbox 834 2688 909 2751; x_wconf 85' lang='lat' dir='ltr'>quae</span> <span class='ocrx_word' id='word_1_135' title='bbox 932 2666 1080 2732; x_wconf 83' lang='lat' dir='ltr'>fecerant</span> <span class='ocrx_word' id='word_1_136' title='bbox 1103 2666 1280 2732; x_wconf 81' lang='lat' dir='ltr'>festinavit</span> <span class='ocrx_word' id='word_1_137' title='bbox 1295 2689 1369 2733; x_wconf 90' lang='lat' dir='ltr'>oum</span> <span class='ocrx_word' id='word_1_138' title='bbox 1391 2669 1511 2757; x_wconf 86' lang='lat' dir='ltr'>grandi</span> 
     </span>
    </p>
   </div>
   <div class='ocr_carea' id='block_1_8' title="bbox 288 2740 1511 2869">
    <p class='ocr_par' dir='ltr' id='par_1_8' title="bbox 288 2740 1511 2869">
     <span class='ocr_line' id='line_1_20' title="bbox 288 2740 1508 2803; baseline -0.002 -15"><span class='ocrx_word' id='word_1_139' title='bbox 288 2740 431 2803; x_wconf 71' lang='lat' dir='ltr'>wardpoes</span> <span class='ocrx_word' id='word_1_140' title='bbox 558 2769 566 2783; x_wconf 85' lang='lat'><strong>·</strong></span> <span class='ocrx_word' id='word_1_141' title='bbox 721 2762 727 2771; x_wconf 92' lang='lat'><em>·</em></span> <span class='ocrx_word' id='word_1_142' title='bbox 844 2766 851 2781; x_wconf 89' lang='lat'><strong>·</strong></span> <span class='ocrx_word' id='word_1_143' title='bbox 915 2767 921 2781; x_wconf 86' lang='lat'><em>·</em></span> <span class='ocrx_word' id='word_1_144' title='bbox 1299 2768 1305 2783; x_wconf 85' lang='lat'><em>·</em></span> <span class='ocrx_word' id='word_1_145' title='bbox 1355 2769 1362 2783; x_wconf 91' lang='lat'><em>.</em></span> <span class='ocrx_word' id='word_1_146' title='bbox 1501 2770 1508 2785; x_wconf 92' lang='lat'><strong>.</strong></span> 
     </span>
     <span class='ocr_line' id='line_1_21' title="bbox 288 2767 1511 2869; baseline -0.002 -32"><span class='ocrx_word' id='word_1_147' title='bbox 288 2804 391 2869; x_wconf 69' lang='lat' dir='ltr'>agnina</span> <span class='ocrx_word' id='word_1_148' title='bbox 459 2778 609 2837; x_wconf 83' lang='lat' dir='ltr'>exercitu</span> <span class='ocrx_word' id='word_1_149' title='bbox 631 2788 798 2834; x_wconf 85' lang='lat' dir='ltr'>occurrere</span> <span class='ocrx_word' id='word_1_150' title='bbox 823 2788 870 2831; x_wconf 82' lang='lat' dir='ltr'>ers</span> <span class='ocrx_word' id='word_1_151' title='bbox 894 2788 980 2832; x_wconf 85' lang='lat' dir='ltr'>circa</span> <span class='ocrx_word' id='word_1_152' title='bbox 1007 2767 1131 2833; x_wconf 88' lang='lat' dir='ltr'>festum</span> <span class='ocrx_word' id='word_1_153' title='bbox 1154 2767 1382 2835; x_wconf 82' lang='lat' dir='ltr'>decollationis</span> <span class='ocrx_word' id='word_1_154' title='bbox 1405 2774 1511 2835; x_wconf 83' lang='lat' dir='ltr'>sanctr</span> 
     </span>
    </p>
   </div>
   <div class='ocr_carea' id='block_1_9' title="bbox 201 2867 1580 4271">
    <p class='ocr_par' dir='ltr' id='par_1_9' title="bbox 201 2867 1580 4271">
     <span class='ocr_line' id='line_1_22' title="bbox 285 2867 1510 2989; baseline -0.002 -52"><span class='ocrx_word' id='word_1_155' title='bbox 285 2872 418 2989; x_wconf 53' lang='lat' dir='ltr'>{¹1:2OE</span> <span class='ocrx_word' id='word_1_156' title='bbox 457 2870 622 2939; x_wconf 78' lang='lat' dir='ltr'>lobannis</span> <span class='ocrx_word' id='word_1_157' title='bbox 654 2869 825 2955; x_wconf 84' lang='lat' dir='ltr'>Baptistae,</span> <span class='ocrx_word' id='word_1_158' title='bbox 852 2872 887 2933; x_wconf 90' lang='lat' dir='ltr'>et</span> <span class='ocrx_word' id='word_1_159' title='bbox 920 2867 1010 2935; x_wconf 83' lang='lat' dir='ltr'>Secti</span> <span class='ocrx_word' id='word_1_160' title='bbox 1044 2892 1078 2935; x_wconf 88' lang='lat' dir='ltr'>se</span> <span class='ocrx_word' id='word_1_161' title='bbox 1111 2874 1323 2936; x_wconf 84' lang='lat' dir='ltr'>retraxerunt</span> <span class='ocrx_word' id='word_1_162' title='bbox 1354 2892 1428 2936; x_wconf 81' lang='lat' dir='ltr'>curu</span> <span class='ocrx_word' id='word_1_163' title='bbox 1460 2871 1510 2935; x_wconf 86' lang='lat' dir='ltr'>in·</span> 
     </span>
     <span class='ocr_line' id='line_1_23' title="bbox 330 2945 1511 3059; baseline 0 -20"><span class='ocrx_word' id='word_1_164' title='bbox 330 2954 349 3003; x_wconf 72' lang='lat' dir='ltr'>t</span> <span class='ocrx_word' id='word_1_165' title='bbox 360 2945 442 2989; x_wconf 52' lang='grc' dir='ltr'>’Μ’</span> <span class='ocrx_word' id='word_1_166' title='bbox 456 2972 655 3055; x_wconf 86' lang='lat' dir='ltr'>numerabili</span> <span class='ocrx_word' id='word_1_167' title='bbox 687 2970 809 3057; x_wconf 71' lang='lat' dir='ltr'>preda,</span> <span class='ocrx_word' id='word_1_168' title='bbox 847 2976 882 3035; x_wconf 91' lang='lat' dir='ltr'>et</span> <span class='ocrx_word' id='word_1_169' title='bbox 916 2971 998 3036; x_wconf 89' lang='lat' dir='ltr'>adeo</span> <span class='ocrx_word' id='word_1_170' title='bbox 1032 2971 1177 3057; x_wconf 87' lang='lat' dir='ltr'>patriam</span> <span class='ocrx_word' id='word_1_171' title='bbox 1215 2978 1294 3037; x_wconf 90' lang='lat' dir='ltr'>suut</span> <span class='ocrx_word' id='word_1_172' title='bbox 1327 2972 1511 3059; x_wconf 82' lang='lat' dir='ltr'>depraedati</span> 
     </span>
     <span class='ocr_line' id='line_1_24' title="bbox 457 3072 1506 3164; baseline -0.001 -21"><span class='ocrx_word' id='word_1_173' title='bbox 457 3078 546 3164; x_wconf 90' lang='lat' dir='ltr'>quod</span> <span class='ocrx_word' id='word_1_174' title='bbox 590 3074 724 3163; x_wconf 81' lang='lat' dir='ltr'>Anglici</span> <span class='ocrx_word' id='word_1_175' title='bbox 780 3072 951 3138; x_wconf 88' lang='lat' dir='ltr'>venientes</span> <span class='ocrx_word' id='word_1_176' title='bbox 999 3074 1047 3138; x_wconf 91' lang='lat' dir='ltr'>uil</span> <span class='ocrx_word' id='word_1_177' title='bbox 1104 3074 1254 3141; x_wconf 87' lang='lat' dir='ltr'>alimenti</span> <span class='ocrx_word' id='word_1_178' title='bbox 1301 3082 1506 3162; x_wconf 88' lang='lat' dir='ltr'>repererunt,</span> 
     </span>
     <span class='ocr_line' id='line_1_25' title="bbox 456 3175 1511 3266; baseline 0 -22"><span class='ocrx_word' id='word_1_179' title='bbox 456 3182 631 3266; x_wconf 85' lang='lat' dir='ltr'>propterea</span> <span class='ocrx_word' id='word_1_180' title='bbox 674 3175 863 3262; x_wconf 81' lang='lat' dir='ltr'>perieruut3</span> <span class='ocrx_word' id='word_1_181' title='bbox 895 3180 931 3239; x_wconf 92' lang='lat' dir='ltr'>et</span> <span class='ocrx_word' id='word_1_182' title='bbox 975 3196 1049 3241; x_wconf 89' lang='lat' dir='ltr'>oum</span> <span class='ocrx_word' id='word_1_183' title='bbox 1096 3196 1157 3241; x_wconf 90' lang='lat' dir='ltr'>rex</span> <span class='ocrx_word' id='word_1_184' title='bbox 1206 3176 1389 3249; x_wconf 83' lang='lat' dir='ltr'>Edwardus</span> <span class='ocrx_word' id='word_1_185' title='bbox 1435 3200 1511 3244; x_wconf 90' lang='lat' dir='ltr'>oum</span> 
     </span>
     <span class='ocr_line' id='line_1_26' title="bbox 456 3276 1580 3363; baseline -0.001 -16"><span class='ocrx_word' id='word_1_186' title='bbox 456 3280 604 3347; x_wconf 82' lang='lat' dir='ltr'>exercitu</span> <span class='ocrx_word' id='word_1_187' title='bbox 626 3298 687 3343; x_wconf 88' lang='lat' dir='ltr'>suo</span> <span class='ocrx_word' id='word_1_188' title='bbox 709 3276 1006 3363; x_wconf 86' lang='lat' dir='ltr'>appropinquasset</span> <span class='ocrx_word' id='word_1_189' title='bbox 1020 3276 1064 3342; x_wconf 91' lang='lat' dir='ltr'>ad</span> <span class='ocrx_word' id='word_1_190' title='bbox 1087 3276 1280 3343; x_wconf 87' lang='lat' dir='ltr'>abbathiam</span> <span class='ocrx_word' id='word_1_191' title='bbox 1302 3279 1343 3344; x_wconf 91' lang='lat' dir='ltr'>de</span> <span class='ocrx_word' id='word_1_192' title='bbox 1360 3279 1510 3346; x_wconf 87' lang='lat' dir='ltr'>Meurose</span> <span class='ocrx_word' id='word_1_193' title='bbox 1577 3290 1580 3295; x_wconf 87' lang='lat'>&#39;</span> 
     </span>
     <span class='ocr_line' id='line_1_27' title="bbox 458 3376 1510 3465; baseline 0.001 -18"><span class='ocrx_word' id='word_1_194' title='bbox 458 3382 507 3448; x_wconf 90' lang='lat' dir='ltr'>nil</span> <span class='ocrx_word' id='word_1_195' title='bbox 530 3378 611 3445; x_wconf 89' lang='lat' dir='ltr'>mali</span> <span class='ocrx_word' id='word_1_196' title='bbox 634 3378 804 3465; x_wconf 87' lang='lat' dir='ltr'>suspicans</span> <span class='ocrx_word' id='word_1_197' title='bbox 827 3378 868 3443; x_wconf 91' lang='lat' dir='ltr'>de</span> <span class='ocrx_word' id='word_1_198' title='bbox 893 3378 1001 3443; x_wconf 86' lang='lat' dir='ltr'>Sectis</span> <span class='ocrx_word' id='word_1_199' title='bbox 1027 3376 1074 3444; x_wconf 91' lang='lat' dir='ltr'>sic</span> <span class='ocrx_word' id='word_1_200' title='bbox 1098 3378 1258 3457; x_wconf 71' lang='lat' dir='ltr'>retractis,</span> <span class='ocrx_word' id='word_1_201' title='bbox 1284 3378 1374 3447; x_wconf 83' lang='lat' dir='ltr'>Sooti</span> <span class='ocrx_word' id='word_1_202' title='bbox 1397 3382 1510 3449; x_wconf 84' lang='lat' dir='ltr'>subito</span> 
     </span>
     <span class='ocr_line' id='line_1_28' title="bbox 456 3478 1512 3565; baseline 0.001 -17"><span class='ocrx_word' id='word_1_203' title='bbox 456 3484 629 3549; x_wconf 89' lang='lat' dir='ltr'>irruerunt</span> <span class='ocrx_word' id='word_1_204' title='bbox 650 3484 775 3545; x_wconf 87' lang='lat' dir='ltr'>secrete</span> <span class='ocrx_word' id='word_1_205' title='bbox 806 3500 906 3565; x_wconf 90' lang='lat' dir='ltr'>super</span> <span class='ocrx_word' id='word_1_206' title='bbox 933 3500 988 3544; x_wconf 86' lang='lat' dir='ltr'>eos</span> <span class='ocrx_word' id='word_1_207' title='bbox 1011 3478 1183 3545; x_wconf 88' lang='lat' dir='ltr'>venientes</span> <span class='ocrx_word' id='word_1_208' title='bbox 1215 3480 1256 3546; x_wconf 91' lang='lat' dir='ltr'>de</span> <span class='ocrx_word' id='word_1_209' title='bbox 1279 3482 1453 3559; x_wconf 88' lang='lat' dir='ltr'>montanis,</span> <span class='ocrx_word' id='word_1_210' title='bbox 1476 3490 1512 3549; x_wconf 88' lang='lat' dir='ltr'>et</span> 
     </span>
     <span class='ocr_line' id='line_1_29' title="bbox 457 3580 1512 3669; baseline 0.001 -20"><span class='ocrx_word' id='word_1_211' title='bbox 457 3583 648 3650; x_wconf 84' lang='lat' dir='ltr'>occiderunt</span> <span class='ocrx_word' id='word_1_212' title='bbox 680 3581 722 3645; x_wconf 89' lang='lat' dir='ltr'>de</span> <span class='ocrx_word' id='word_1_213' title='bbox 755 3580 906 3669; x_wconf 84' lang='lat' dir='ltr'>Anglicis</span> <span class='ocrx_word' id='word_1_214' title='bbox 940 3584 1104 3646; x_wconf 84' lang='lat' dir='ltr'>trecentos</span> <span class='ocrx_word' id='word_1_215' title='bbox 1139 3581 1229 3645; x_wconf 90' lang='lat' dir='ltr'>viros</span> <span class='ocrx_word' id='word_1_216' title='bbox 1261 3588 1295 3647; x_wconf 87' lang='lat' dir='ltr'>ct</span> <span class='ocrx_word' id='word_1_217' title='bbox 1317 3582 1446 3669; x_wconf 74' lang='lat' dir='ltr'>plures,</span> <span class='ocrx_word' id='word_1_218' title='bbox 1477 3591 1512 3650; x_wconf 91' lang='lat' dir='ltr'>et</span> 
     </span>
     <span class='ocr_line' id='line_1_30' title="bbox 286 3680 1511 3800; baseline 0.001 -50"><span class='ocrx_word' id='word_1_219' title='bbox 286 3686 411 3800; x_wconf 47' lang='grc' dir='ltr'>ΨΜ</span> <span class='ocrx_word' id='word_1_220' title='bbox 457 3684 803 3767; x_wconf 86' lang='lat' dir='ltr'>abieruntautequam</span> <span class='ocrx_word' id='word_1_221' title='bbox 826 3680 992 3746; x_wconf 83' lang='lat' dir='ltr'>exercitus</span> <span class='ocrx_word' id='word_1_222' title='bbox 1014 3682 1250 3767; x_wconf 87' lang='lat' dir='ltr'>appropriaret,</span> <span class='ocrx_word' id='word_1_223' title='bbox 1274 3688 1309 3747; x_wconf 91' lang='lat' dir='ltr'>et</span> <span class='ocrx_word' id='word_1_224' title='bbox 1330 3684 1429 3749; x_wconf 82' lang='lat' dir='ltr'>oum³</span> <span class='ocrx_word' id='word_1_225' title='bbox 1451 3708 1511 3751; x_wconf 84' lang='lat' dir='ltr'>rex</span> 
     </span>
     <span class='ocr_line' id='line_1_31' title="bbox 201 3752 1511 3882; baseline 0.002 -32"><span class='ocrx_word' id='word_1_226' title='bbox 201 3833 208 3843; x_wconf 88' lang='lat'><strong>.</strong></span> <span class='ocrx_word' id='word_1_227' title='bbox 287 3752 435 3882; x_wconf 45' lang='lat' dir='ltr'>stiffi,</span> <span class='ocrx_word' id='word_1_228' title='bbox 459 3785 598 3850; x_wconf 87' lang='lat' dir='ltr'>vidisset</span> <span class='ocrx_word' id='word_1_229' title='bbox 613 3784 702 3869; x_wconf 92' lang='lat' dir='ltr'>quod</span> <span class='ocrx_word' id='word_1_230' title='bbox 718 3782 810 3851; x_wconf 84' lang='lat' dir='ltr'>Scoti</span> <span class='ocrx_word' id='word_1_231' title='bbox 825 3780 955 3848; x_wconf 90' lang='lat' dir='ltr'>nollent</span> <span class='ocrx_word' id='word_1_232' title='bbox 970 3782 1139 3867; x_wconf 89' lang='lat' dir='ltr'>publicum</span> <span class='ocrx_word' id='word_1_233' title='bbox 1157 3782 1279 3849; x_wconf 88' lang='lat' dir='ltr'>bellum</span> <span class='ocrx_word' id='word_1_234' title='bbox 1296 3786 1511 3865; x_wconf 87' lang='lat' dir='ltr'>committere,</span> 
     </span>
     <span class='ocr_line' id='line_1_32' title="bbox 286 3879 1510 4000; baseline -0.002 -43"><span class='ocrx_word' id='word_1_235' title='bbox 286 3879 517 4000; x_wconf 51' lang='lat' dir='ltr'>Smffl‘lm‘per</span> <span class='ocrx_word' id='word_1_236' title='bbox 553 3886 727 3953; x_wconf 90' lang='lat' dir='ltr'>consilium</span> <span class='ocrx_word' id='word_1_237' title='bbox 760 3885 1035 3971; x_wconf 82' lang='lat' dir='ltr'>Dispensatorem</span> <span class='ocrx_word' id='word_1_238' title='bbox 1068 3884 1148 3951; x_wconf 87' lang='lat' dir='ltr'>fecit</span> <span class='ocrx_word' id='word_1_239' title='bbox 1187 3886 1293 3951; x_wconf 87' lang='lat' dir='ltr'>redire</span> <span class='ocrx_word' id='word_1_240' title='bbox 1328 3888 1510 3954; x_wconf 87' lang='lat' dir='ltr'>exereitum</span> 
     </span>
     <span class='ocr_line' id='line_1_33' title="bbox 286 3964 1513 4084; baseline 0.001 -28"><span class='ocrx_word' id='word_1_241' title='bbox 286 3964 402 4084; x_wconf 64' lang='lat' dir='ltr'>hlgtlh.</span> <span class='ocrx_word' id='word_1_242' title='bbox 458 4012 555 4056; x_wconf 87' lang='lat' dir='ltr'>suum</span> <span class='ocrx_word' id='word_1_243' title='bbox 578 3990 615 4053; x_wconf 90' lang='lat' dir='ltr'>in</span> <span class='ocrx_word' id='word_1_244' title='bbox 637 3987 794 4075; x_wconf 79' lang='lat' dir='ltr'>Angliam</span> <span class='ocrx_word' id='word_1_245' title='bbox 817 3991 852 4052; x_wconf 89' lang='lat' dir='ltr'>et</span> <span class='ocrx_word' id='word_1_246' title='bbox 884 3985 946 4051; x_wconf 92' lang='lat' dir='ltr'>hoc</span> <span class='ocrx_word' id='word_1_247' title='bbox 981 3985 1052 4051; x_wconf 88' lang='lat' dir='ltr'>siue</span> <span class='ocrx_word' id='word_1_248' title='bbox 1086 3986 1201 4073; x_wconf 87' lang='lat' dir='ltr'>aliqua</span> <span class='ocrx_word' id='word_1_249' title='bbox 1232 3989 1452 4074; x_wconf 71' lang='lat' dir='ltr'>expeditione,</span> <span class='ocrx_word' id='word_1_250' title='bbox 1477 3996 1513 4057; x_wconf 89' lang='lat' dir='ltr'>et</span> 
     </span>
     <span class='ocr_line' id='line_1_34' title="bbox 458 4086 1512 4178; baseline -0.002 -19"><span class='ocrx_word' id='word_1_251' title='bbox 458 4093 514 4169; x_wconf 91' lang='lat' dir='ltr'>sic,</span> <span class='ocrx_word' id='word_1_252' title='bbox 530 4098 571 4157; x_wconf 92' lang='lat' dir='ltr'>ut</span> <span class='ocrx_word' id='word_1_253' title='bbox 592 4088 821 4177; x_wconf 87' lang='lat' dir='ltr'>supradictum</span> <span class='ocrx_word' id='word_1_254' title='bbox 837 4093 897 4163; x_wconf 87' lang='lat' dir='ltr'>est,</span> <span class='ocrx_word' id='word_1_255' title='bbox 913 4086 1154 4153; x_wconf 70' lang='lat' dir='ltr'>moriebantur¹</span> <span class='ocrx_word' id='word_1_256' title='bbox 1170 4089 1310 4175; x_wconf 86' lang='lat' dir='ltr'>sparsim</span> <span class='ocrx_word' id='word_1_257' title='bbox 1326 4090 1361 4153; x_wconf 91' lang='lat' dir='ltr'>in</span> <span class='ocrx_word' id='word_1_258' title='bbox 1377 4092 1512 4178; x_wconf 83' lang='lat' dir='ltr'>campie,</span> 
     </span>
     <span class='ocr_line' id='line_1_35' title="bbox 285 4189 1510 4271; baseline 0.001 -12"><span class='ocrx_word' id='word_1_259' title='bbox 285 4206 417 4259; x_wconf 68' lang='lat' dir='ltr'>maeror</span> <span class='ocrx_word' id='word_1_260' title='bbox 457 4194 540 4261; x_wconf 83' lang='lat' dir='ltr'>vicis</span> <span class='ocrx_word' id='word_1_261' title='bbox 578 4200 613 4260; x_wconf 90' lang='lat' dir='ltr'>et</span> <span class='ocrx_word' id='word_1_262' title='bbox 643 4191 733 4255; x_wconf 81' lang='lat' dir='ltr'>villis</span> <span class='ocrx_word' id='word_1_263' title='bbox 770 4190 807 4254; x_wconf 92' lang='lat' dir='ltr'>iu</span> <span class='ocrx_word' id='word_1_264' title='bbox 844 4197 1007 4254; x_wconf 87' lang='lat' dir='ltr'>autumno</span> <span class='ocrx_word' id='word_1_265' title='bbox 1039 4189 1171 4255; x_wconf 89' lang='lat' dir='ltr'>circiter</span> <span class='ocrx_word' id='word_1_266' title='bbox 1205 4190 1283 4255; x_wconf 75' lang='lat' dir='ltr'><strong>xv.⁶</strong></span> <span class='ocrx_word' id='word_1_267' title='bbox 1321 4192 1436 4271; x_wconf 92' lang='lat' dir='ltr'>millia,</span> <span class='ocrx_word' id='word_1_268' title='bbox 1474 4195 1510 4260; x_wconf 93' lang='lat' dir='ltr'>iu</span> 
     </span>
    </p>
   </div>
   <div class='ocr_carea' id='block_1_10' title="bbox 283 4274 1509 4391">
    <p class='ocr_par' dir='ltr' id='par_1_10' title="bbox 283 4274 1509 4391">
     <span class='ocr_line' id='line_1_36' title="bbox 283 4274 1509 4391; baseline 0.001 -29"><span class='ocrx_word' id='word_1_269' title='bbox 283 4274 410 4391; x_wconf 40' lang='lat'>&amp;¹³⁰⁹</span> <span class='ocrx_word' id='word_1_270' title='bbox 457 4318 616 4387; x_wconf 84' lang='lat' dir='ltr'>maguum</span> <span class='ocrx_word' id='word_1_271' title='bbox 643 4294 783 4360; x_wconf 88' lang='lat' dir='ltr'>dedecus</span> <span class='ocrx_word' id='word_1_272' title='bbox 815 4291 902 4381; x_wconf 80' lang='lat' dir='ltr'>regis</span> <span class='ocrx_word' id='word_1_273' title='bbox 936 4314 1101 4379; x_wconf 84' lang='lat' dir='ltr'>graveque</span> <span class='ocrx_word' id='word_1_274' title='bbox 1135 4291 1373 4360; x_wconf 89' lang='lat' dir='ltr'>detrimentum</span> <span class='ocrx_word' id='word_1_275' title='bbox 1407 4298 1509 4385; x_wconf 85' lang='lat' dir='ltr'>regni.</span> 
     </span>
    </p>
   </div>
   <div class='ocr_carea' id='block_1_11' title="bbox 484 4616 1505 4843">
    <p class='ocr_par' dir='ltr' id='par_1_11' title="bbox 484 4616 1505 4843">
     <span class='ocr_line' id='line_1_37' title="bbox 486 4616 1505 4690; baseline 0.012 -30"><span class='ocrx_word' id='word_1_276' title='bbox 486 4620 732 4687; x_wconf 43' lang='lat' dir='ltr'>immutat.</span> <span class='ocrx_word' id='word_1_277' title='bbox 1035 4616 1176 4669; x_wconf 83' lang='lat' dir='ltr'>⁴Hereon</span> <span class='ocrx_word' id='word_1_278' title='bbox 1191 4619 1254 4671; x_wconf 84' lang='lat' dir='ltr'>both</span> <span class='ocrx_word' id='word_1_279' title='bbox 1264 4620 1410 4689; x_wconf 74' lang='lat' dir='ltr'>mugiente</span> <span class='ocrx_word' id='word_1_280' title='bbox 1423 4622 1505 4690; x_wconf 66' lang='lat' dir='ltr'>Asyli</span> 
     </span>
     <span class='ocr_line' id='line_1_38' title="bbox 485 4696 1364 4765; baseline 0.016 -28"><span class='ocrx_word' id='word_1_281' title='bbox 485 4704 497 4737; x_wconf 78' lang='lat' dir='ltr'>r</span> <span class='ocrx_word' id='word_1_282' title='bbox 518 4700 729 4763; x_wconf 59' lang='lat' dir='ltr'>mmm,</span> <span class='ocrx_word' id='word_1_283' title='bbox 740 4697 818 4765; x_wconf 69' lang='lat' dir='ltr'>ffigd.</span> <span class='ocrx_word' id='word_1_284' title='bbox 1001 4696 1216 4761; x_wconf 75' lang='lat' dir='ltr'>mriaatursame</span> <span class='ocrx_word' id='word_1_285' title='bbox 1226 4698 1253 4747; x_wconf 79' lang='lat' dir='ltr'>is</span> <span class='ocrx_word' id='word_1_286' title='bbox 1268 4697 1364 4751; x_wconf 75' lang='lat' dir='ltr'>Sectis.</span> 
     </span>
     <span class='ocr_line' id='line_1_39' title="bbox 484 4774 1319 4843; baseline 0.013 -12"><span class='ocrx_word' id='word_1_287' title='bbox 484 4779 496 4812; x_wconf 81' lang='lat'>⁸</span> <span class='ocrx_word' id='word_1_288' title='bbox 511 4798 575 4843; x_wconf 74' lang='lat' dir='ltr'>cam,</span> <span class='ocrx_word' id='word_1_289' title='bbox 586 4782 636 4841; x_wconf 80' lang='lat' dir='ltr'>A.;</span> <span class='ocrx_word' id='word_1_290' title='bbox 652 4777 718 4840; x_wconf 70' lang='lat' dir='ltr'>dun,</span> <span class='ocrx_word' id='word_1_291' title='bbox 728 4776 790 4830; x_wconf 82' lang='lat' dir='ltr'>MS.</span> <span class='ocrx_word' id='word_1_292' title='bbox 1033 4774 1044 4809; x_wconf 78' lang='lat'>⁸</span> <span class='ocrx_word' id='word_1_293' title='bbox 1061 4792 1112 4837; x_wconf 63' lang='lat' dir='ltr'>We</span> <span class='ocrx_word' id='word_1_294' title='bbox 1122 4776 1193 4838; x_wconf 69' lang='lat' dir='ltr'>Ma,</span> <span class='ocrx_word' id='word_1_295' title='bbox 1210 4777 1271 4842; x_wconf 55' lang='lat' dir='ltr'>‘vlo</span> <span class='ocrx_word' id='word_1_296' title='bbox 1283 4776 1319 4829; x_wconf 70' lang='grc' dir='ltr'>Δ·</span> 
     </span>
    </p>
   </div>
   <div class='ocr_carea' id='block_1_12' title="bbox 0 0 1818 5784">
    <p class='ocr_par' dir='ltr' id='par_1_12' title="bbox 0 0 1818 5784">
     <span class='ocr_line' id='line_1_40' title="bbox 0 0 1818 5784; baseline 0 0"><span class='ocrx_word' id='word_1_297' title='bbox 0 0 1818 5784; x_wconf 95' lang='lat' dir='ltr'> </span> 
     </span>
    </p>
   </div>
  </div>
 </body>
</html>
