3625 5784
432 867 497 928 400
782 880 929 932 nesarci
954 881 1137 931 ruituros

263 1066 414 1120 Conditor·
431 1066 518 1151 quod
558 1065 720 1132 Vasconia
753 1072 938 1133 remaneret
969 1087 1070 1152 penes
1103 1087 1224 1153 papam
1257 1066 1360 1131 donec
1397 1071 1484 1130 esset

263 1135 417 1252 ffimffi
430 1167 613 1233 discussum
637 1169 711 1254 quis
734 1187 846 1232 eorum
869 1167 1008 1233 haberet
1037 1167 1231 1234 lucidiorem
1248 1167 1416 1250 justitiam
1439 1166 1483 1230 ad

262 1268 353 1383 ffi‘d
430 1269 501 1354 ejus
532 1271 778 1356 possessionem,
802 1274 836 1334 et
868 1270 956 1354 quod
978 1291 1039 1334 rex
1070 1269 1204 1357 Angliae
1237 1269 1363 1335 iaceret
1385 1269 1482 1333 resti·

263 1349 392 1452 Βζῃῑέξξ,
430 1372 593 1438 tutionem
616 1371 658 1436 de
681 1371 776 1436 bonis
798 1376 833 1467 et
856 1370 999 1435 navibus
1021 1371 1128 1457 captis
1151 1374 1186 1436 et
1208 1371 1363 1435 damdnis
1378 1370 1483 1435 illatis

430 1474 464 1538 in
487 1479 586 1560 portu
611 1474 652 1538 de
676 1473 797 1556 Swyno
831 1473 866 1536 in
901 1473 1049 1537 adventu
1082 1472 1229 1557 ejusdem
1253 1471 1300 1537 ibi
1322 1494 1383 1558 per
1405 1493 1482 1537 suos

429 1575 632 1641 marinarios.
680 1575 745 1640 Sed
761 1595 860 1660 super
875 1573 933 1637 illo
948 1573 1089 1639 articulo
1105 1595 1165 1638 rex
1180 1573 1259 1638 lecit
1275 1573 1481 1647 dilationem,

428 1697 588 1743 excusans
621 1699 656 1741 se
687 1675 747 1742 hoc
771 1699 837 1740 non
861 1675 964 1740 fuisse
986 1675 1113 1741 factum
1146 1674 1209 1739 sub
1229 1676 1302 1761 ejus
1333 1675 1480 1741 scientia

354 1781 387 1822 '·
428 1777 469 1842 In
493 1777 745 1864 quadragesima
761 1777 912 1862 sequenti
936 1798 995 1842 rex
1017 1776 1200 1842 celebravit
1222 1777 1480 1863 parliamentum

427 1877 615 1954 Londoniis,
637 1878 695 1943 ubi
712 1879 833 1943 iterato
854 1898 1005 1964 proceres
1021 1885 1056 1943 et
1072 1899 1262 1943 communes
1277 1887 1481 1965 rogaverunt

426 2002 535 2068 regem
560 1980 600 2044 de
624 1979 843 2045 ratificatione
858 1979 1075 2044 articulorum
1090 2000 1218 2066 magnae
1233 1978 1356 2044 chana
1379 2001 1479 2064 quam

426 2081 473 2146 eis
519 2081 650 2147 fecerat.
697 2082 891 2167 Annuitque
929 2104 989 2146 rex
1036 2081 1189 2167 petitioni
1228 2102 1340 2145 eornm
1387 2081 1479 2146 salvo

425 2205 553 2270 semper
592 2189 683 2249 statu
721 2205 857 2249 coronae.
923 2183 963 2247 In
1014 2183 1101 2247 festo
1146 2183 1335 2272 nativitatis
1372 2182 1479 2247 beatae

257 2285 312 2336 'rte
325 2286 387 2364 lina
426 2285 540 2350 Mariae
563 2307 622 2349 rex
654 2285 839 2350 Edwardus
861 2284 1059 2371 deponsavit
1088 2285 1312 2373 Margaretam
1334 2306 1478 2350 sororem

257 2367 393 2483 Rima,
424 2386 570 2473 Philippi
602 2386 690 2474 regis
724 2387 872 2452 Francia
896 2388 985 2473 apud
1010 2384 1270 2453 Cantirbiriam.1
1317 2387 1357 2451 In
1391 2387 1478 2451 festo

256 2485 299 2534 ‘¹¹⁰
312 2485 386 2537 ⁸³⁸²&
422 2488 528 2554 sancti
551 2487 689 2554 Martini
713 2511 772 2553 rex
794 2488 975 2553 celebravit
997 2488 1254 2574 parliamentum
1276 2510 1372 2553 suum
1387 2488 1478 2574 apud

255 2551 359 2684 {25ng
422 2590 617 2666 Eboracum,
639 2595 674 2655 et
696 2590 773 2654 inde
795 2589 954 2655 transivit
987 2611 1103 2654 versus
1136 2589 1292 2675 Berwyk,
1322 2594 1357 2654 et
1388 2591 1478 2656 ultra

256 2685 363 2736 uanae.
422 2693 595 2778 proposuit
633 2693 790 2756 transisse
830 2691 872 2754 ad
919 2691 1152 2756 removendam
1189 2691 1392 2757 obsidionem
1435 2692 1477 2757 de

424 2792 615 2878 Strivelyne
638 2815 711 2878 quae
735 2793 872 2858 robusta
903 2797 938 2857 et
969 2792 1067 2858 fortis
1098 2792 1156 2857 diu
1187 2793 1347 2859 extiterat
1377 2814 1477 2879 super

423 2895 580 2984 Anglioos
612 2893 744 2971 ibidem,
771 2893 827 2959 sed
867 2893 1003 2980 propter'
1034 2894 1248 2980 asperitatem
1286 2894 1404 2960 hiemis
1441 2901 1476 2959 et

256 2999 346 3049 Hain-
423 2995 689 3061 insufficientiam
722 2995 840 3082 patriae
863 2995 1051 3060 consultum
1084 3001 1134 3060 ost
1168 2996 1274 3061 eidem
1297 2996 1476 3071 dimittere,

256 3067 388 3184 ξὶξξξξω
423 3104 457 3162 a
489 3099 576 3184 quad
609 3097 741 3185 angra
777 3097 833 3182 qui
869 3096 952 3160 asu
987 3103 1083 3162 eane
1116 3097 1218 3162 savis
1252 3096 1314 3162 sai
1346 3099 1419 3162 vra
1441 3103 1476 3162 a

254 3199 368 3280 ⁸²⁵¹¹¹¹3tt
423 3199 579 3264 membris
602 3199 757 3266 securiori
782 3198 879 3263 modo
902 3219 968 3284 quo
991 3205 1126 3284 possent
1141 3199 1265 3286 seipsos
1287 3199 1475 3264 liberarent.

255 3269 359 3398 ¹¹1&ng
423 3299 546 3365 Eodem
601 3322 688 3366 anno
741 3305 892 3365 mortuus
946 3305 998 3364 est
1050 3299 1216 3366 Henricus
1260 3301 1475 3365 Eboracensis

252 3401 393 3517 magr
421 3401 602 3488 episcopus,
633 3403 686 3468 cui
721 3402 877 3474 successit
909 3400 1051 3466 Thomas
1085 3401 1125 3467 de
1161 3401 1302 3490 Corbn'g
1334 3425 1474 3490 magnus

394 3501 565 3568 'clericus

254 3601 407 3659 A.D.1300.
621 3627 627 3642 ·
666 3605 672 3618 “
1010 3604 1018 3619 “
1114 3605 1120 3618 “
1314 3606 1321 3619 ”

251 3693 395 3810 {piger
421 3605 1340 3794 Boiddiidsl&illaudldlnliitmgdiegilffitifflm-
1354 3628 1473 3772 Ἓξ

251 3775 261 3822 ³
347 3798 354 3812 ⁶
419 3827 543 3870 annum
567 3807 762 3872 duraturam
784 3810 819 3872 et
852 3806 1001 3892 quolibet
1033 3808 1211 3873 centesimo
1241 3829 1329 3873 anno
1359 3810 1472 3875 remis-

417 3907 543 3973 sionem
565 3908 712 3974 omnium
734 3914 952 3994 peccatorum.

465 4019 525 4074 Iste
548 4035 643 4075 annus
677 4019 734 4074 fuit
756 4017 900 4074 Jubiloeus
923 4036 981 4092 qno
1015 4020 1104 4076 multi
1127 4021 1307 4092 peregrinati
1331 4027 1401 4077 sunt
1432 4019 1490 4126 odl

420 4106 552 4164 Romam.

250 4185 385 4302 Q}
463 4201 560 4268 Circa
598 4201 720 4268 festum
770 4202 877 4268 sancti
915 4200 1081 4267 Johannis
1130 4224 1191 4267 rex
1229 4203 1388 4269 transivit
1434 4169 1627 4287 mppr-uun.

251 4267 389 4382 ffipnhe
418 4302 571 4383 Scotiam,
611 4308 646 4370 et
683 4304 780 4370 sactae
821 4309 901 4370 aunt
939 4309 1064 4390 treugae
1107 4305 1195 4372 inter
1233 4306 1390 4393 Anglieos
1435 4311 1594 4392 ethym-

250 4385 344 4503 gssffteh
419 4403 533 4472 Scotos
559 4426 663 4492 usque
687 4405 729 4470 ad
752 4403 875 4471 festum
891 4403 1101 4471 Pentecostes
1116 4407 1306 4492 proximum
1321 4429 1468 4495 sequens
1482 4395 1584 4449 Μ’·

347 4488 353 4502 ’
419 4505 468 4572 Eo
498 4530 615 4596 nempe
646 4529 734 4573 anno
766 4507 956 4595 Margareta
989 4508 1105 4594 regina
1130 4510 1248 4596 genuit
1282 4511 1388 4577 filium
1412 4515 1469 4598 qui

417 4616 533 4695 postea
556 4611 672 4678 extitit
694 4633 802 4678 comes
826 4609 1071 4677 Mareschallus

417 4745 540 4755 ——unn

1492 4083 1625 4133 tneo.

800 4806 808 4840 ¹
829 4807 1008 4872 Gumoarium,
1017 4807 1073 4859 MS.
