3625 5784
416 923 483 989 152
764 935 913 988 samum
938 935 1122 988 seronior

416 1139 562 1194 consuetis
593 1135 746 1194 blanditiis
768 1137 912 1192 offensum
936 1134 1093 1206 mitigaret.
1140 1133 1195 1190 eui
1217 1133 1260 1191 ait
1290 1133 1466 1208 patriarche,

418 1229 437 1253 “
462 1229 612 1284 Hactenus
634 1226 764 1298 regnasti
779 1227 914 1296 gloriose,
930 1225 980 1280 scd
996 1214 1123 1280 amodol
1145 1229 1174 1280 te
1190 1225 1301 1281 deseret
1324 1244 1410 1296 quem
1433 1231 1467 1280 tn

418 1317 438 1342 “
462 1317 624 1372 deseruisti.
670 1318 775 1372 Recole
810 1334 874 1387 qum
905 1314 1041 1369 dominns
1072 1313 1126 1368 tibi
1149 1315 1284 1381 contulit,
1308 1321 1338 1370 et
1369 1315 1467 1387 qualia

387 1443 394 1456 .
418 1408 438 1432 “
462 1407 508 1462 illi
531 1406 709 1479 rependisti,
734 1404 877 1477 quomodo
892 1403 955 1474 regi
972 1404 1103 1458 mancias
1119 1403 1226 1459 infidus
1241 1405 1333 1470 fuisti,
1349 1405 1467 1460 beatum

418 1494 437 1522 “
459 1496 600 1552 Thomam
632 1495 774 1561 cecidisti,
809 1499 839 1550 et
867 1512 948 1548 nuno
989 1493 1195 1565 protectionem
1236 1493 1466 1550 Christianorum
1480 1489 1622 1553 'hyl-0⁰¹·

418 1585 438 1612 “
464 1584 623 1656 abjecisti.’¹
670 1584 802 1656 Cumque
833 1584 871 1639 ad
893 1585 957 1639 hoec
980 1601 1030 1636 rex
1053 1584 1282 1650 excandesceret,
1307 1584 1415 1656 optulit
1438 1585 1464 1639 ci
1479 1562 1553 1609 ²³⁹⁹·

416 1675 582 1746 patriarcha
603 1679 691 1747 capnt
713 1692 798 1729 snum
812 1678 843 1728 et
864 1674 984 1739 oollam,
1008 1671 1117 1738 dicens,
1135 1664 1290 1729 “Facias²
1312 1675 1348 1730 de
1370 1692 1417 1728 me
1433 1679 1466 1730 ut

417 1763 435 1795 ‘·‘
460 1766 497 1819 de
519 1765 630 1820 Thema
652 1763 755 1820 fecisti.
790 1761 873 1819 Adeo
887 1763 955 1818 volo
971 1762 1064 1818 occidi
1085 1780 1103 1816 a
1126 1766 1155 1817 te
1178 1763 1208 1816 in
1232 1763 1342 1833 Anglia
1358 1763 1434 1819 sicut
1448 1783 1466 1819 a

418 1854 438 1879 “
464 1855 615 1910 Saracenis
638 1853 670 1907 in
686 1852 781 1925 Syria,
806 1852 875 1924 qnia
890 1858 925 1906 tn
948 1851 1029 1908 omni
1053 1851 1195 1906 Saracenc
1210 1851 1291 1924 pejor
1306 1844 1363 1908 es.’'
1410 1853 1465 1908 Oui

416 1960 476 2011 rex,
500 1943 569 1998 “Si
591 1961 691 1998 omnes
712 1941 846 1997 homines
868 1941 927 1996 mei
942 1959 1034 1997 unum
1052 1957 1156 2012 eorpus
1167 1946 1262 1996 essent
1278 1959 1393 2014 unoque
1416 1961 1465 1999 ore

418 2032 438 2057 “
462 2033 659 2103 loquerentur,
693 2049 754 2086 non
785 2029 926 2086 auderent
960 2028 1035 2085 mihi
1058 2029 1129 2084 talia
1155 2029 1249 2086 dicere
1263 2053 1269 2097 ;
1283 2031 1300 2056 ’'
1324 2031 1378 2086 cni
1402 2031 1462 2098 illo,

418 2122 437 2148 “
461 2122 530 2178 Non
553 2125 598 2176 eat
627 2121 746 2186 mirum,
770 2119 840 2192 quia
861 2125 914 2174 tna
944 2138 1004 2175 non
1027 2125 1056 2172 te
1087 2117 1226 2189 diligunt,
1250 2110 1383 2191 prmdia³
1405 2139 1465 2176 non

417 2211 437 2237 ‘⁸
461 2209 610 2266 hominem
632 2209 763 2283 sequitur
785 2199 921 2286 turba.’'⁴⁴
965 2211 1013 2265 Ita
1027 2213 1098 2262 tunc
1120 2226 1181 2274 rex,
1207 2207 1226 2234 “
1239 2209 1383 2266 Recedere
1404 2227 1464 2266 non

417 2301 437 2326 “
461 2317 579 2372 possum
602 2299 670 2373 quin
684 2299 740 2354 filii
763 2299 821 2355 mei
843 2298 1002 2370 insurgunt
1028 2297 1060 2351 in
1090 2289 1262 2354 absentem.'’
1310 2297 1365 2354 Cui
1403 2299 1462 2366 ille,

416 2390 435 2416 ‘⁹'
459 2389 522 2445 Neo
545 2388 663 2456 mirum,
694 2388 764 2462 quia
799 2387 835 2445 de
868 2388 983 2444 diabolo
1016 2391 1161 2444 venerunt
1182 2393 1212 2444 et
1245 2388 1282 2445 ad
1315 2388 1463 2444 diabolum

415 2478 433 2506 ‘⁸
457 2470 569 2535 ibunt.”

459 2569 525 2626 Hoc
547 2587 625 2625 anno
647 2568 729 2624 misit
750 2586 802 2625 rex
817 2567 912 2623 filium
928 2585 1012 2624 sunm
1036 2568 1202 2625 Johannem
1218 2568 1250 2623 in
1268 2569 1460 2626 Hiberniam:

414 2659 465 2714 sed
487 2677 592 2730 parum
615 2657 656 2712 ibi
679 2658 833 2730 proficiens
854 2677 987 2715 resersus
1018 2665 1071 2715 est.
1119 2649 1206 2713 Hoc⁵
1229 2676 1306 2714 anno
1329 2659 1461 2714 kalendis

414 2748 486 2803 Maii
533 2749 670 2806 Saraceni
716 2757 856 2820 ceperunt
892 2749 1113 2822 Ierosolymam,
1163 2765 1279 2803 crucem
1330 2754 1461 2804 sanctem

413 2843 605 2910 asportantes,
639 2837 864 2910 occideruntque
895 2837 1071 2908 Magistrum
1104 2835 1221 2893 milities
1255 2836 1358 2908 templi
1393 2855 1460 2894 cum

414 2927 516 2983 multis
549 2927 706 2983 nobilibus.
742 2928 805 2999 Quo
827 2927 938 2994 audito,
962 2927 1051 2981 multi
1074 2945 1127 2999 per
1151 2927 1249 2982 orbem
1283 2931 1351 2981 sunt
1374 2945 1459 2983 cruce

414 3016 531 3088 signati.
564 3019 647 3074 Inter
673 3035 746 3090 quos
778 3016 920 3072 Ricardns
950 3014 1132 3072 Pictuvensis
1156 3015 1235 3070 filins
1258 3015 1347 3086 hujus
1377 3016 1455 3086 regis

413 3105 537 3161 chriei
559 3123 644 3164 cruce
673 3109 813 3178 signatur.
849 3106 887 3159 Et
914 3104 1106 3177 Baldowynus
1138 3104 1372 3177 archiepiscopus
1402 3106 1457 3160 hac

413 3193 450 3249 de
474 3214 560 3251 causa
587 3195 724 3253 Walliam
748 3193 880 3259 intrarit,
914 3199 1058 3266 utsupra
1083 3200 1195 3250 tectum
1219 3200 1270 3251 est.
1308 3195 1344 3249 ln
1374 3193 1457 3265 cujus

413 3284 554 3340 comitatu
585 3291 648 3342 erat
682 3284 823 3355 magister
857 3282 996 3339 Giraldus
1028 3282 1212 3339 Gambrensis
1237 3283 1458 3338 archidiaconus

413 3371 619 3438 landavensis,
653 3375 703 3445 qui
739 3377 850 3428 statum
883 3377 914 3427 ct
949 3373 1040 3427 ritum
1076 3372 1276 3444 Gambrigenae
1308 3373 1404 3443 gentis
1427 3375 1459 3428 in

413 3463 569 3517 Itinerario
593 3453 666 3517 moe
689 3461 852 3533 descripsit,
878 3461 957 3516 sicut
985 3481 1080 3534 nuper
1111 3481 1177 3517 eam
1212 3463 1347 3517 Johanno
1376 3461 1455 3532 regis

411 3551 473 3606 filio
495 3551 668 3607 Hiberniam
691 3551 806 3616 missus,
832 3555 943 3605 statum
966 3557 997 3607 ct
1018 3551 1107 3606 ritum
1132 3551 1230 3623 gentis
1254 3551 1334 3607 illius
1356 3551 1388 3606 in
1405 3570 1458 3607 suu

410 3639 613 3712 Topographia
634 3640 831 3713 descripserat
900 3683 907 3700 .

457 3728 615 3801 Gregorius
641 3730 703 3801 viij.
728 3735 794 3802 post
823 3729 976 3786 Urbanum
1008 3729 1083 3786 sedit
1124 3749 1199 3802 papa
1234 3731 1383 3787 mensibus
1418 3732 1456 3789 iv.

413 3817 471 3887 Qui
492 3837 546 3890 pro
571 3821 700 3876 subsidio
726 3820 823 3875 Terrae
847 3825 956 3876 sanotae
980 3821 1087 3875 multas
1112 3821 1194 3876 misit
1219 3821 1361 3893 epistolas.
1402 3821 1457 3877 Cui

412 3907 550 3963 successit
573 3908 706 3965 Clemens
739 3910 845 3964 tertius
879 3909 930 3979 qui
968 3909 1043 3964 sedit
1076 3927 1152 3981 papo
1183 3911 1269 3966 annis
1294 3909 1335 3982 iij.
1392 3911 1457 3967 Hoc

411 4015 489 4053 anno
524 3988 653 4053 Jhcsus⁷
687 3998 820 4055 Christus
853 3999 1010 4054 visibiliter
1046 4000 1182 4070 apparuit
1215 3999 1247 4053 in
1282 4017 1338 4056 aere
1373 4017 1457 4056 cruce

411 4087 540 4158 pendens
577 4087 655 4158 apud
690 4088 904 4160 Dunstapnlam
937 4088 969 4142 in
1003 4089 1114 4159 Anglia
1147 4088 1315 4146 videntibus
1347 4091 1456 4147 multis.

410 4175 474 4246 Quo
489 4178 578 4232 etiam
594 4195 672 4233 anno
688 4197 739 4233 rer
754 4177 901 4234 Hemicus
918 4177 988 4232 fecit
1005 4177 1167 4233 Ranulfum
1184 4179 1321 4235 comitem
1337 4179 1458 4235 Costrim

408 4265 470 4322 fore
493 4268 630 4335 militem,
654 4273 686 4324 et
707 4267 788 4324 dedit
811 4267 838 4324 ei
863 4267 896 4322 in
919 4284 1040 4323 uxorem
1059 4267 1262 4324 Constantiam
1279 4269 1458 4325 comitissam

1317 4437 1454 4448 ——.—.

441 4534 450 4567 ¹
467 4532 543 4584 Alter
553 4533 641 4584 unwdo
654 4533 731 4596 Higd.
743 4533 804 4584 adds
817 4533 888 4598 Ipse·
988 4541 998 4574 ⁸
1016 4541 1056 4593 On
1075 4544 1137 4594 both
1154 4547 1264 4610 margins
1284 4547 1306 4598 is
1321 4548 1458 4602 Ieruscslna

438 4615 449 4648 ²
466 4614 577 4678 Facias]
597 4615 659 4673 Fac,
672 4613 748 4678 lligd.
956 4625 1034 4684 captu
1046 4627 1091 4671 est.

438 4690 579 4755 ³proedr'a]
597 4693 717 4754 precam,
729 4690 807 4756 Eigd.
990 4697 1000 4730 ⁶
1018 4698 1076 4764 illo]
1096 4716 1146 4750 om.
1158 4701 1235 4766 lligd.

438 4769 544 4820 ⁴Atter
571 4767 649 4819 tarto
672 4768 749 4834 Iligd.
777 4769 824 4818 has
846 4771 906 4832 isla,
989 4777 1128 4846 Ultores]
1143 4781 1283 4849 omlligd.

405 4849 457 4902 and
467 4847 543 4899 omits
554 4847 599 4898 Ita
612 4847 638 4898 in
649 4847 694 4898 the
704 4854 767 4899 next
778 4847 872 4900 clause.
