3625 5784
632 837 901 888 scvcnsrnnnsrs
925 837 1133 889 cffltoNlcox.
1371 823 1411 893 71

362 1036 493 1092 facetiari
527 1037 627 1094 odiosa
654 1037 799 1108 jactantia
830 1044 881 1094 cst.
928 1037 1013 1094 Undc
1035 1043 1065 1095 et
1087 1037 1239 1110 epistolum
1263 1038 1319 1094 ista
1342 1057 1410 1094 con·

362 1125 504 1182 finentm
528 1127 610 1183 misit
632 1129 813 1185 lanfrancus
844 1145 957 1184 summo
989 1127 1120 1200 pontifici
1143 1127 1311 1184 Alexandro
1342 1147 1409 1184 cum

360 1215 537 1286 professione
559 1217 679 1273 Thomas
701 1217 898 1274 Eborecensis.

404 1311 470 1366 Hoc
491 1328 569 1365 anno
592 1327 642 1364 rex
664 1307 831 1365 Willelmus
861 1324 928 1362 cum
950 1307 1049 1363 navali
1079 1313 1110 1361 st
1131 1306 1259 1378 equestri
1282 1306 1411 1362 exercitu

359 1399 487 1455 Scotiam
510 1399 586 1454 adiit
607 1405 638 1454 et
659 1416 759 1469 ragam
782 1395 971 1453 Malcolmum
999 1395 1125 1467 subegit,
1149 1395 1200 1466 qni
1235 1393 1298 1466 ejus
1321 1397 1409 1452 homo

358 1488 451 1559 legius
473 1488 592 1544 devenit
614 1493 645 1543 et
667 1488 839 1544 fidelitatem
850 1483 971 1556 juravit.
1011 1484 1174 1555 sigafridus
1195 1475 1407 1556 Mogentinns¹

356 1577 508 1650 episcopus
538 1581 673 1633 sanctum
707 1574 849 1632 Jacobum
883 1575 1055 1646 peregrinus
1088 1575 1179 1640 sdiit3
1219 1573 1269 1630 md
1298 1574 1329 1628 in
1362 1592 1408 1630 rs·

355 1667 471 1723 deundo
492 1667 614 1723 etl'ectus
646 1672 692 1722 est
725 1665 884 1721 monachus
919 1663 1136 1730 Oluniacensis;
1175 1661 1259 1733 cnjus
1296 1663 1407 1736 spisco-

357 1762 457 1827 patum
491 1756 561 1811 dum
594 1755 714 1828 quidam
746 1752 919 1810 mercenarii
952 1770 1119 1825 comparere
1141 1752 1263 1818 vellent,
1284 1752 1407 1824 jubente

355 1844 458 1901 abbate
480 1863 533 1900 suo
564 1845 603 1900 sd
634 1845 731 1900 sedem
765 1843 912 1916 propriam
943 1841 1040 1897 rediit.
1086 1843 1151 1898 Hoc
1174 1859 1251 1898 nnuc
1274 1841 1406 1914 Edgsrus

355 1933 493 2007 Adelyng
514 1935 590 1990 adiit
611 1951 710 2006 regem
734 1931 917 1991 willelmum
952 1931 982 1986 in
1006 1931 1228 1997 Normanniam,
1252 1937 1283 1987 et
1305 1932 1405 2004 pacifi-

355 2030 437 2078 catus
459 2030 504 2080 est
526 2042 595 2080 cum
617 2041 660 2080 ec.

399 2113 472 2168 Item
488 2110 593 2168 uidem
610 2110 731 2184 capitio
748 2110 795 2184 iij.
842 2109 1061 2166 Hildebrandns
1096 2109 1146 2182 qui
1184 2115 1215 2166 et
1246 2110 1406 2182 Gregorius

356 2216 405 2256 vu.
429 2199 576 2272 quondam
605 2198 686 2272 prior
708 2198 920 2264 cluniacensis,
945 2199 1050 2256 deinde
1088 2199 1238 2255 Romanus
1260 2199 1407 2256 archidia-

357 2307 457 2354 conus,
481 2287 529 2360 iij⁰
552 2307 628 2361 papa
648 2289 771 2344 effectus
794 2289 870 2344 sedit
903 2289 990 2344 annis
1017 2287 1162 2344 undecim.
1207 2289 1263 2359 Qui
1295 2288 1407 2362 synodo

357 2383 533 2450 congregata
566 2377 719 2433 interdixit
750 2378 862 2434 clericis
894 2378 1069 2434 consecretis
1103 2395 1205 2433 uxores
1226 2377 1332 2434 habere
1354 2385 1406 2434 cut

357 2487 423 2522 cnm
460 2466 632 2524 mulieribus
666 2466 800 2522 habitam
830 2467 889 2522 nisi
926 2485 999 2539 quas
1038 2467 1152 2524 Nicens
1189 2467 1317 2540 synodus
1354 2473 1406 2523 aut

358 2557 456 2613 caeteri
494 2573 619 2612 canones
672 2556 888 2628 permiserunt,
942 2557 993 2612 sed
1038 2575 1106 2612 cum
1143 2557 1305 2612 sacerdotes
1343 2555 1406 2628 ejus

358 2664 493 2702 masuras
516 2645 759 2718 parvipenderent
796 2643 939 2718 proecepit
972 2663 1047 2718 pspa
1082 2651 1116 2700 ut
1153 2647 1254 2701 nullus
1291 2645 1406 2701 audiret

359 2737 476 2790 missam
509 2734 666 2791 sacerdotis
703 2732 912 2790 concubinarii.
959 2735 1017 2790 Hic
1051 2735 1122 2790 dum
1153 2735 1312 2807 aliqnando
1343 2753 1406 2790 csr-

358 2824 465 2880 diuelis
487 2830 562 2879 esset
584 2829 615 2879 et
637 2824 751 2895 legatus
774 2823 806 2878 in
829 2824 953 2880 Francis
976 2829 1077 2880 contre
1101 2824 1236 2895 proeletos
1271 2823 1409 2879 simonis·

360 2932 408 2970 cos
441 2913 547 2970 acriter
580 2913 731 2985 processit,
755 2913 833 2968 nude
867 2917 898 2969 et
932 2929 1008 2968 unus
1042 2912 1194 2984 episcopus
1226 2929 1313 2984 super
1351 2912 1406 2967 hoc

361 3004 491 3074 graviter
512 3003 672 3059 infamatus
686 3007 775 3059 testes
790 3004 842 3075 qui
857 3021 925 3058 eum
941 3006 1152 3058 accusaverunt
1166 3001 1242 3057 clam
1258 3001 1409 3072 corrupit;

360 3093 438 3164 quod
460 3092 642 3164 comperiens
673 3093 799 3163 legatus,
825 3109 923 3148 coram
961 3091 1086 3146 concilio
1108 3089 1227 3157 dixit,
1232 3089 1352 3146 ‘Cesset
1373 3090 1411 3145 ad

362 3183 533 3254 “praesens
553 3182 717 3237 humanum
736 3180 884 3253 judicium
918 3199 995 3253 saepe
1027 3179 1158 3246 fallibile,
1183 3185 1214 3235 et
1235 3179 1412 3282 producatur

361 3272 380 3296 “
404 3269 539 3326 divinum
570 3271 730 3326 oraculum.
793 3270 869 3327 Cum
904 3269 997 3342 igitur
1028 3275 1140 3326 certum
1172 3269 1211 3325 sit
1249 3269 1327 3340 quod
1349 3269 1411 3342 epi·

361 3361 380 3386 ‘⁶
405 3359 529 3432 scopulis
561 3360 657 3431 grstia
689 3360 799 3415 donum
837 3360 877 3419 sit
911 3359 1032 3432 spiritus
1070 3358 1173 3425 sancti,
1213 3365 1243 3414 et
1280 3357 1411 3430 quisquis

361 3449 604 3522 “episcopatum
642 3454 789 3504 mercatur
841 3454 943 3504 contra
989 3449 1125 3520 spiritum
1162 3453 1294 3504 sanctum
1329 3448 1411 3514 fecit,

362 3540 381 3564 “
406 3539 432 3595 si
454 3537 548 3608 igitur
569 3544 604 3593 tu
626 3537 757 3610 pontifex
780 3543 882 3593 conta
917 3537 1053 3609 spiritum
1075 3542 1209 3593 sanctum
1231 3555 1289 3593 non
1312 3537 1411 3608 egisti,

363 3628 382 3653 “
407 3626 455 3682 dic
476 3627 574 3698 palam
608 3625 640 3682 in
672 3626 807 3693 concilio,
831 3627 933 3682 Gloria
966 3626 1044 3700 patri
1076 3632 1106 3682 et
1138 3627 1200 3682 filio
1233 3631 1263 3682 st
1294 3625 1412 3698 spiritui

364 3719 382 3743 “
407 3724 528 3772 musto:
543 3717 561 3740 ”
600 3715 658 3772 Sed
687 3715 740 3771 ille
762 3716 831 3772 licet
863 3715 1045 3787 frequentius
1067 3716 1232 3788 incepisset,
1256 3722 1287 3772 et
1318 3715 1414 3772 dicere

364 3809 544 3879 temptasset,
567 3821 719 3877 nunquam
746 3810 844 3861 tamen
877 3805 997 3877 spiritui
1020 3812 1120 3862 sancto
1143 3807 1271 3878 proferre
1294 3805 1411 3878 potuit;

365 3896 415 3952 sed
446 3892 557 3966 ejectus
588 3894 624 3950 dc
661 3894 840 3967 episcopatu,
879 3892 1064 3966 postmodum
1102 3896 1188 3967 plane
1225 3894 1309 3951 dixit.
1355 3893 1413 3951 Hic

363 3983 452 4040 etiam
475 4002 552 4056 papa
572 3983 643 4039 dum
675 3989 759 4040 nocte
781 3982 946 4040 nativitatis
969 3983 1123 4040 dominicoe
1145 3985 1271 4056 primam
1295 3983 1414 4040 missam

363 4073 395 4128 in
432 4072 555 4130 ecclesia
591 4072 684 4128 beatae
718 4072 822 4128 Marisa
858 4072 896 4128 ad
933 4091 1061 4145 praesepe
1099 4073 1211 4129 domini
1249 4073 1415 4140 celebraret,

366 4162 550 4219 Gressenoius
564 4161 695 4234 praefecti
718 4162 799 4218 urbis
821 4161 900 4217 filius
923 4161 1002 4234 cepit
1025 4151 1142 4230 [ειιιιι]2
1157 4169 1187 4218 st
1209 4161 1413 4226 incarceravit,

366 4252 417 4308 sed
449 4251 574 4307 Romani
602 4250 703 4307 statim
725 4252 877 4321 fregerunt
898 4251 1004 4306 turrim
1027 4257 1058 4307 et
1080 4251 1278 4308 liberaverunt
1300 4269 1412 4324 papam.

367 4342 426 4396 Iste
456 4341 547 4397 etiam
580 4359 655 4413 papa
688 4339 720 4395 in
754 4340 878 4396 concilio
910 4345 1027 4396 centum
1067 4340 1268 4412 episcoporum
1300 4357 1414 4395 excom·

365 4431 527 4487 manicavit
564 4430 768 4502 imperatorem
806 4429 969 4486 Henricum
1008 4430 1047 4483 3¹¹¹
1084 4433 1114 4484 et
1151 4445 1169 4482 c
1206 4427 1347 4483 fidelitate
1387 4429 1415 4484 ei

366 4518 463 4575 debita
485 4524 605 4575 cunctos
628 4518 763 4584 absolvit,
786 4536 839 4590 pro
870 4537 905 4576 eo
940 4515 1019 4590 quod
1041 4522 1143 4573 contra
1166 4521 1274 4572 statum
1297 4517 1416 4572 nniver-

400 4771 407 4803 ¹
426 4769 601 4836 Mopcntiuse,
611 4769 645 4828 A,
878 4763 884 4831 1
947 4763 958 4795 ²
975 4763 1053 4813 From
1067 4761 1144 4830 lligd.
