<?xml version="1.0" encoding="UTF-8"?>
<!DOCTYPE html PUBLIC "-//W3C//DTD XHTML 1.0 Transitional//EN"
    "http://www.w3.org/TR/xhtml1/DTD/xhtml1-transitional.dtd">
<html xmlns="http://www.w3.org/1999/xhtml" xml:lang="en" lang="en">
 <head>
  <title>
</title>
<meta http-equiv="Content-Type" content="text/html;charset=utf-8" />
  <meta name='ocr-system' content='tesseract 3.04.00' />
  <meta name='ocr-capabilities' content='ocr_page ocr_carea ocr_par ocr_line ocrx_word'/>
</head>
<body>
  <div class='ocr_page' id='page_1' title='image "./chroniconhenric00lumbgoog_0152.png"; bbox 0 0 3625 5784; ppageno 0'>
   <div class='ocr_carea' id='block_1_1' title="bbox 611 866 1423 948">
    <p class='ocr_par' dir='ltr' id='par_1_1' title="bbox 611 866 1423 948">
     <span class='ocr_line' id='line_1_1' title="bbox 611 866 1423 948; baseline 0.005 -20"><span class='ocrx_word' id='word_1_1' title='bbox 611 881 879 932; x_wconf 75' lang='lat' dir='ltr'><strong>unucusraansrs</strong></span> <span class='ocrx_word' id='word_1_2' title='bbox 901 879 1109 932; x_wconf 79' lang='lat' dir='ltr'><strong>cnaonrcon.</strong></span> <span class='ocrx_word' id='word_1_3' title='bbox 1331 866 1394 932; x_wconf 83' lang='lat'><strong>129</strong></span> <span class='ocrx_word' id='word_1_4' title='bbox 1419 933 1423 948; x_wconf 71' lang='grc'>,</span> 
     </span>
    </p>
   </div>
   <div class='ocr_carea' id='block_1_2' title="bbox 340 1075 1536 1572">
    <p class='ocr_par' dir='ltr' id='par_1_2' title="bbox 340 1075 1536 1572">
     <span class='ocr_line' id='line_1_2' title="bbox 341 1075 1487 1164; baseline 0.004 -25"><span class='ocrx_word' id='word_1_5' title='bbox 341 1075 493 1162; x_wconf 79' lang='lat' dir='ltr'><strong>factoque</strong></span> <span class='ocrx_word' id='word_1_6' title='bbox 524 1078 669 1146; x_wconf 88' lang='lat' dir='ltr'><strong>divortio</strong></span> <span class='ocrx_word' id='word_1_7' title='bbox 700 1081 790 1146; x_wconf 89' lang='lat' dir='ltr'><strong>iuter</strong></span> <span class='ocrx_word' id='word_1_8' title='bbox 821 1081 1009 1147; x_wconf 82' lang='lat' dir='ltr'><strong>Gelfridum</strong></span> <span class='ocrx_word' id='word_1_9' title='bbox 1045 1086 1080 1146; x_wconf 91' lang='lat' dir='ltr'><strong>et</strong></span> <span class='ocrx_word' id='word_1_10' title='bbox 1103 1079 1277 1145; x_wconf 88' lang='lat' dir='ltr'><strong>Matildam</strong></span> <span class='ocrx_word' id='word_1_11' title='bbox 1309 1100 1392 1164; x_wconf 83' lang='lat' dir='ltr'><strong>prae-</strong></span> <span class='ocrx_word' id='word_1_12' title='bbox 1406 1076 1487 1156; x_wconf 64' lang='lat' dir='ltr'><strong>Odcf</strong></span> 
     </span>
     <span class='ocr_line' id='line_1_3' title="bbox 340 1159 1531 1272; baseline 0.003 -31"><span class='ocrx_word' id='word_1_13' title='bbox 340 1177 452 1257; x_wconf 87' lang='lat' dir='ltr'><strong>dictos,</strong></span> <span class='ocrx_word' id='word_1_14' title='bbox 475 1181 635 1265; x_wconf 76' lang='lat' dir='ltr'><strong>praedicta</strong></span> <span class='ocrx_word' id='word_1_15' title='bbox 666 1182 808 1248; x_wconf 88' lang='lat' dir='ltr'><strong>Matilda</strong></span> <span class='ocrx_word' id='word_1_16' title='bbox 828 1183 1006 1268; x_wconf 89' lang='lat' dir='ltr'><strong>conjuncta</strong></span> <span class='ocrx_word' id='word_1_17' title='bbox 1028 1187 1100 1247; x_wconf 90' lang='lat' dir='ltr'><strong>crat</strong></span> <span class='ocrx_word' id='word_1_18' title='bbox 1130 1182 1199 1268; x_wconf 88' lang='lat' dir='ltr'><strong>regi</strong></span> <span class='ocrx_word' id='word_1_19' title='bbox 1233 1181 1379 1266; x_wconf 83' lang='lat' dir='ltr'><strong>lerosoly</strong></span> <span class='ocrx_word' id='word_1_20' title='bbox 1406 1159 1531 1272; x_wconf 54' lang='lat' dir='ltr'><strong><em>m</em></strong></span> 
     </span>
     <span class='ocr_line' id='line_1_4' title="bbox 343 1275 1536 1394; baseline -0.001 -52"><span class='ocrx_word' id='word_1_21' title='bbox 343 1279 493 1358; x_wconf 85' lang='lat' dir='ltr'><strong>morum,¹</strong></span> <span class='ocrx_word' id='word_1_22' title='bbox 515 1282 573 1346; x_wconf 85' lang='lat' dir='ltr'><strong>sed</strong></span> <span class='ocrx_word' id='word_1_23' title='bbox 605 1284 697 1369; x_wconf 87' lang='lat' dir='ltr'><strong>priua</strong></span> <span class='ocrx_word' id='word_1_24' title='bbox 724 1284 901 1370; x_wconf 88' lang='lat' dir='ltr'><strong>conjuncta</strong></span> <span class='ocrx_word' id='word_1_25' title='bbox 933 1284 998 1349; x_wconf 88' lang='lat' dir='ltr'><strong>fuit</strong></span> <span class='ocrx_word' id='word_1_26' title='bbox 1021 1305 1095 1350; x_wconf 90' lang='lat' dir='ltr'><strong>cum</strong></span> <span class='ocrx_word' id='word_1_27' title='bbox 1119 1289 1205 1348; x_wconf 85' lang='lat' dir='ltr'><strong>esset</strong></span> <span class='ocrx_word' id='word_1_28' title='bbox 1227 1283 1336 1348; x_wconf 88' lang='lat' dir='ltr'><strong>aetatis</strong></span> <span class='ocrx_word' id='word_1_29' title='bbox 1360 1304 1390 1348; x_wconf 89' lang='lat' dir='ltr'><strong>v.</strong></span> <span class='ocrx_word' id='word_1_30' title='bbox 1403 1275 1536 1394; x_wconf 52' lang='lat' dir='ltr'><strong>Qatn-</strong></span> 
     </span>
     <span class='ocr_line' id='line_1_5' title="bbox 341 1379 1469 1472; baseline 0.002 -26"><span class='ocrx_word' id='word_1_31' title='bbox 341 1402 503 1448; x_wconf 87' lang='lat' dir='ltr'><strong>annorum</strong></span> <span class='ocrx_word' id='word_1_32' title='bbox 527 1383 672 1451; x_wconf 90' lang='lat' dir='ltr'><strong>Henrioo</strong></span> <span class='ocrx_word' id='word_1_33' title='bbox 701 1385 892 1471; x_wconf 87' lang='lat' dir='ltr'><strong>imperatori</strong></span> <span class='ocrx_word' id='word_1_34' title='bbox 916 1386 1074 1461; x_wconf 85' lang='lat' dir='ltr'><strong>Romano,</strong></span> <span class='ocrx_word' id='word_1_35' title='bbox 1099 1391 1138 1451; x_wconf 93' lang='lat' dir='ltr'><strong>ut</strong></span> <span class='ocrx_word' id='word_1_36' title='bbox 1167 1406 1268 1472; x_wconf 87' lang='lat' dir='ltr'><strong>supra</strong></span> <span class='ocrx_word' id='word_1_37' title='bbox 1289 1389 1392 1472; x_wconf 86' lang='lat' dir='ltr'><strong>patet,</strong></span> <span class='ocrx_word' id='word_1_38' title='bbox 1462 1379 1469 1394; x_wconf 89' lang='lat'>&#39;</span> 
     </span>
     <span class='ocr_line' id='line_1_6' title="bbox 342 1485 765 1572; baseline 0.007 -22"><span class='ocrx_word' id='word_1_39' title='bbox 342 1505 430 1550; x_wconf 88' lang='lat' dir='ltr'><strong>anno</strong></span> <span class='ocrx_word' id='word_1_40' title='bbox 452 1485 520 1553; x_wconf 85' lang='lat' dir='ltr'><strong>scil</strong></span> <span class='ocrx_word' id='word_1_41' title='bbox 541 1487 659 1572; x_wconf 84' lang='lat' dir='ltr'><strong>gratiae</strong></span> <span class='ocrx_word' id='word_1_42' title='bbox 682 1503 765 1553; x_wconf 75' lang='lat' dir='ltr'><strong>uox,</strong></span> 
     </span>
    </p>
   </div>
   <div class='ocr_carea' id='block_1_3' title="bbox 168 1585 1398 2475">
    <p class='ocr_par' dir='ltr' id='par_1_3' title="bbox 168 1585 1398 2475">
     <span class='ocr_line' id='line_1_7' title="bbox 171 1585 1393 1671; baseline 0.002 -20"><span class='ocrx_word' id='word_1_43' title='bbox 171 1585 316 1663; x_wconf 68' lang='lat' dir='ltr'><strong>liffl‚⁰‘⁸⁴</strong></span> <span class='ocrx_word' id='word_1_44' title='bbox 389 1597 507 1655; x_wconf 83' lang='lat' dir='ltr'><strong>Mortuo</strong></span> <span class='ocrx_word' id='word_1_45' title='bbox 520 1615 590 1669; x_wconf 81' lang='lat' dir='ltr'><strong>rega</strong></span> <span class='ocrx_word' id='word_1_46' title='bbox 613 1597 743 1654; x_wconf 87' lang='lat' dir='ltr'><strong>Henrioo</strong></span> <span class='ocrx_word' id='word_1_47' title='bbox 757 1599 853 1670; x_wconf 90' lang='lat' dir='ltr'><strong>primo</strong></span> <span class='ocrx_word' id='word_1_48' title='bbox 869 1597 1008 1654; x_wconf 72' lang='lat' dir='ltr'><strong>successst</strong></span> <span class='ocrx_word' id='word_1_49' title='bbox 1032 1598 1063 1652; x_wconf 92' lang='lat' dir='ltr'><strong>in</strong></span> <span class='ocrx_word' id='word_1_50' title='bbox 1079 1616 1202 1669; x_wconf 80' lang='lat' dir='ltr'><strong>regnum</strong></span> <span class='ocrx_word' id='word_1_51' title='bbox 1227 1599 1393 1671; x_wconf 76' lang='lat' dir='ltr'><strong>Stephanus</strong></span> 
     </span>
     <span class='ocr_line' id='line_1_8' title="bbox 168 1661 1394 1772; baseline 0 -31"><span class='ocrx_word' id='word_1_52' title='bbox 168 1661 316 1772; x_wconf 43' lang='lat' dir='ltr'><strong>{ww</strong></span> <span class='ocrx_word' id='word_1_53' title='bbox 345 1701 441 1744; x_wconf 87' lang='lat' dir='ltr'><strong>comes</strong></span> <span class='ocrx_word' id='word_1_54' title='bbox 463 1688 613 1754; x_wconf 81' lang='lat' dir='ltr'><strong>Bononiae,</strong></span> <span class='ocrx_word' id='word_1_55' title='bbox 636 1687 714 1742; x_wconf 86' lang='lat' dir='ltr'><strong>iilius</strong></span> <span class='ocrx_word' id='word_1_56' title='bbox 736 1687 853 1744; x_wconf 86' lang='lat' dir='ltr'><strong>comitis</strong></span> <span class='ocrx_word' id='word_1_57' title='bbox 880 1688 1034 1759; x_wconf 89' lang='lat' dir='ltr'><strong>Blesensis,</strong></span> <span class='ocrx_word' id='word_1_58' title='bbox 1058 1705 1147 1760; x_wconf 88' lang='lat' dir='ltr'><strong>nepos</strong></span> <span class='ocrx_word' id='word_1_59' title='bbox 1169 1687 1293 1743; x_wconf 88' lang='lat' dir='ltr'><strong>Henrici</strong></span> <span class='ocrx_word' id='word_1_60' title='bbox 1314 1686 1394 1758; x_wconf 85' lang='lat' dir='ltr'><strong>regis</strong></span> 
     </span>
     <span class='ocr_line' id='line_1_9' title="bbox 172 1775 1393 1875; baseline -0.001 -44"><span class='ocrx_word' id='word_1_61' title='bbox 172 1811 256 1875; x_wconf 52' lang='lat'><strong>3534</strong></span> <span class='ocrx_word' id='word_1_62' title='bbox 267 1811 311 1862; x_wconf 40' lang='lat' dir='ltr'><strong>vii·</strong></span> <span class='ocrx_word' id='word_1_63' title='bbox 345 1793 380 1831; x_wconf 85' lang='lat' dir='ltr'><strong>ex</strong></span> <span class='ocrx_word' id='word_1_64' title='bbox 412 1782 498 1849; x_wconf 73' lang='lat' dir='ltr'><strong>parta</strong></span> <span class='ocrx_word' id='word_1_65' title='bbox 528 1777 643 1843; x_wconf 90' lang='lat' dir='ltr'><strong>sororis,</strong></span> <span class='ocrx_word' id='word_1_66' title='bbox 677 1781 708 1831; x_wconf 92' lang='lat' dir='ltr'><strong>et</strong></span> <span class='ocrx_word' id='word_1_67' title='bbox 744 1777 880 1847; x_wconf 83' lang='lat' dir='ltr'><strong>regnarit</strong></span> <span class='ocrx_word' id='word_1_68' title='bbox 917 1776 988 1848; x_wconf 83' lang='lat' dir='ltr'><strong>xvij.</strong></span> <span class='ocrx_word' id='word_1_69' title='bbox 1023 1775 1116 1832; x_wconf 88' lang='lat' dir='ltr'><strong>aunis.</strong></span> <span class='ocrx_word' id='word_1_70' title='bbox 1186 1776 1239 1834; x_wconf 86' lang='lat' dir='ltr'><strong>Vir</strong></span> <span class='ocrx_word' id='word_1_71' title='bbox 1276 1777 1393 1848; x_wconf 88' lang='lat' dir='ltr'><strong>quidem</strong></span> 
     </span>
     <span class='ocr_line' id='line_1_10' title="bbox 169 1865 1394 1938; baseline -0.007 -12"><span class='ocrx_word' id='word_1_72' title='bbox 169 1881 233 1928; x_wconf 78' lang='lat'><strong>478.</strong></span> <span class='ocrx_word' id='word_1_73' title='bbox 348 1871 483 1922; x_wconf 87' lang='lat' dir='ltr'><strong>strenuus</strong></span> <span class='ocrx_word' id='word_1_74' title='bbox 506 1871 536 1922; x_wconf 92' lang='lat' dir='ltr'><strong>et</strong></span> <span class='ocrx_word' id='word_1_75' title='bbox 558 1865 662 1934; x_wconf 85' lang='lat' dir='ltr'><strong>audax,</strong></span> <span class='ocrx_word' id='word_1_76' title='bbox 687 1866 739 1922; x_wconf 88' lang='lat' dir='ltr'><strong>sed</strong></span> <span class='ocrx_word' id='word_1_77' title='bbox 761 1871 864 1922; x_wconf 74' lang='lat' dir='ltr'><strong>conus</strong></span> <span class='ocrx_word' id='word_1_78' title='bbox 883 1865 1083 1938; x_wconf 86' lang='lat' dir='ltr'><strong>juramentum</strong></span> <span class='ocrx_word' id='word_1_79' title='bbox 1108 1883 1193 1922; x_wconf 89' lang='lat' dir='ltr'><strong>suum</strong></span> <span class='ocrx_word' id='word_1_80' title='bbox 1216 1865 1394 1936; x_wconf 73' lang='lat' dir='ltr'><strong>imperatrici</strong></span> 
     </span>
     <span class='ocr_line' id='line_1_11' title="bbox 345 1955 1396 2028; baseline 0.002 -20"><span class='ocrx_word' id='word_1_81' title='bbox 345 1955 455 2011; x_wconf 81' lang='lat' dir='ltr'><strong>factum</strong></span> <span class='ocrx_word' id='word_1_82' title='bbox 487 1956 535 2013; x_wconf 90' lang='lat' dir='ltr'><strong>die</strong></span> <span class='ocrx_word' id='word_1_83' title='bbox 568 1955 662 2011; x_wconf 86' lang='lat' dir='ltr'><strong>sancti</strong></span> <span class='ocrx_word' id='word_1_84' title='bbox 709 1955 850 2028; x_wconf 86' lang='lat' dir='ltr'><strong>Stephani</strong></span> <span class='ocrx_word' id='word_1_85' title='bbox 897 1955 1057 2012; x_wconf 79' lang='lat' dir='ltr'><strong>Londoniae</strong></span> <span class='ocrx_word' id='word_1_86' title='bbox 1096 1959 1250 2011; x_wconf 85' lang='lat' dir='ltr'><strong>coronatus</strong></span> <span class='ocrx_word' id='word_1_87' title='bbox 1290 1959 1335 2011; x_wconf 88' lang='lat' dir='ltr'><strong>est</strong></span> <span class='ocrx_word' id='word_1_88' title='bbox 1377 1973 1396 2010; x_wconf 92' lang='lat' dir='ltr'><strong>a</strong></span> 
     </span>
     <span class='ocr_line' id='line_1_12' title="bbox 346 2043 1395 2118; baseline -0.001 -18"><span class='ocrx_word' id='word_1_89' title='bbox 346 2044 494 2101; x_wconf 89' lang='lat' dir='ltr'><strong>Willelmo</strong></span> <span class='ocrx_word' id='word_1_90' title='bbox 539 2045 742 2102; x_wconf 64' lang='lat' dir='ltr'><strong>cantuariensi</strong></span> <span class='ocrx_word' id='word_1_91' title='bbox 788 2045 932 2117; x_wconf 83' lang='lat' dir='ltr'><strong>episcopo,</strong></span> <span class='ocrx_word' id='word_1_92' title='bbox 978 2045 1028 2116; x_wconf 89' lang='lat' dir='ltr'><strong>qui</strong></span> <span class='ocrx_word' id='word_1_93' title='bbox 1083 2044 1163 2117; x_wconf 90' lang='lat' dir='ltr'><strong>prius</strong></span> <span class='ocrx_word' id='word_1_94' title='bbox 1218 2043 1395 2118; x_wconf 69' lang='lat' dir='ltr'><strong>imperatrici</strong></span> 
     </span>
     <span class='ocr_line' id='line_1_13' title="bbox 345 2133 1396 2206; baseline -0.001 -17"><span class='ocrx_word' id='word_1_95' title='bbox 345 2141 559 2191; x_wconf 89' lang='lat' dir='ltr'><strong>sacramentum</strong></span> <span class='ocrx_word' id='word_1_96' title='bbox 618 2133 804 2206; x_wconf 75' lang='lat' dir='ltr'><strong>praestiterat.</strong></span> <span class='ocrx_word' id='word_1_97' title='bbox 866 2134 1050 2206; x_wconf 84' lang='lat' dir='ltr'><strong>Quapropter</strong></span> <span class='ocrx_word' id='word_1_98' title='bbox 1105 2133 1183 2190; x_wconf 90' lang='lat' dir='ltr'><strong>idem</strong></span> <span class='ocrx_word' id='word_1_99' title='bbox 1231 2133 1396 2190; x_wconf 88' lang='lat' dir='ltr'><strong>Willelmus</strong></span> 
     </span>
     <span class='ocr_line' id='line_1_14' title="bbox 345 2222 1397 2296; baseline 0 -18"><span class='ocrx_word' id='word_1_100' title='bbox 345 2241 455 2278; x_wconf 90' lang='lat' dir='ltr'><strong>annum</strong></span> <span class='ocrx_word' id='word_1_101' title='bbox 477 2225 599 2281; x_wconf 91' lang='lat' dir='ltr'><strong>minima</strong></span> <span class='ocrx_word' id='word_1_102' title='bbox 621 2222 804 2295; x_wconf 75' lang='lat' dir='ltr'><strong>supervixit3</strong></span> <span class='ocrx_word' id='word_1_103' title='bbox 827 2223 878 2279; x_wconf 90' lang='lat' dir='ltr'><strong>sed</strong></span> <span class='ocrx_word' id='word_1_104' title='bbox 901 2229 933 2278; x_wconf 90' lang='lat' dir='ltr'><strong>et</strong></span> <span class='ocrx_word' id='word_1_105' title='bbox 948 2242 1047 2280; x_wconf 90' lang='lat' dir='ltr'><strong>omnes</strong></span> <span class='ocrx_word' id='word_1_106' title='bbox 1063 2225 1163 2294; x_wconf 80' lang='lat' dir='ltr'><strong>magui</strong></span> <span class='ocrx_word' id='word_1_107' title='bbox 1180 2223 1232 2296; x_wconf 89' lang='lat' dir='ltr'><strong>qui</strong></span> <span class='ocrx_word' id='word_1_108' title='bbox 1248 2223 1397 2295; x_wconf 82' lang='lat' dir='ltr'><strong>Stephano</strong></span> 
     </span>
     <span class='ocr_line' id='line_1_15' title="bbox 342 2311 1398 2383; baseline -0.003 -15"><span class='ocrx_word' id='word_1_109' title='bbox 342 2311 543 2383; x_wconf 87' lang='lat' dir='ltr'><strong>juramentum</strong></span> <span class='ocrx_word' id='word_1_110' title='bbox 575 2313 713 2381; x_wconf 84' lang='lat' dir='ltr'><strong>locarant,</strong></span> <span class='ocrx_word' id='word_1_111' title='bbox 740 2314 881 2369; x_wconf 85' lang='lat' dir='ltr'><strong>miserum</strong></span> <span class='ocrx_word' id='word_1_112' title='bbox 914 2312 1011 2368; x_wconf 86' lang='lat' dir='ltr'><strong>sortiti</strong></span> <span class='ocrx_word' id='word_1_113' title='bbox 1042 2317 1112 2368; x_wconf 87' lang='lat' dir='ltr'><strong>sunt</strong></span> <span class='ocrx_word' id='word_1_114' title='bbox 1144 2313 1243 2370; x_wconf 90' lang='lat' dir='ltr'><strong>finem.</strong></span> <span class='ocrx_word' id='word_1_115' title='bbox 1292 2313 1398 2368; x_wconf 83' lang='lat' dir='ltr'><strong>Fertur</strong></span> 
     </span>
     <span class='ocr_line' id='line_1_16' title="bbox 343 2401 1397 2475; baseline 0 -18"><span class='ocrx_word' id='word_1_116' title='bbox 343 2401 433 2458; x_wconf 86' lang='lat' dir='ltr'><strong>etiam</strong></span> <span class='ocrx_word' id='word_1_117' title='bbox 464 2404 542 2475; x_wconf 91' lang='lat' dir='ltr'><strong>quod</strong></span> <span class='ocrx_word' id='word_1_118' title='bbox 575 2404 671 2461; x_wconf 84' lang='lat' dir='ltr'><strong>hostia</strong></span> <span class='ocrx_word' id='word_1_119' title='bbox 709 2402 820 2458; x_wconf 82' lang='lat' dir='ltr'><strong>Christi</strong></span> <span class='ocrx_word' id='word_1_120' title='bbox 842 2401 891 2460; x_wconf 87' lang='lat' dir='ltr'><strong>die</strong></span> <span class='ocrx_word' id='word_1_121' title='bbox 924 2401 1122 2460; x_wconf 74' lang='lat' dir='ltr'><strong>coronationis</strong></span> <span class='ocrx_word' id='word_1_122' title='bbox 1159 2404 1224 2474; x_wconf 84' lang='lat' dir='ltr'><strong>regi</strong></span> <span class='ocrx_word' id='word_1_123' title='bbox 1263 2406 1397 2474; x_wconf 89' lang='lat' dir='ltr'><strong>porrecta</strong></span> 
     </span>
    </p>
   </div>
   <div class='ocr_carea' id='block_1_4' title="bbox 343 2481 635 2566">
    <p class='ocr_par' dir='ltr' id='par_1_4' title="bbox 343 2481 635 2566">
     <span class='ocr_line' id='line_1_17' title="bbox 343 2481 635 2566; baseline 0.01 -20"><span class='ocrx_word' id='word_1_124' title='bbox 343 2481 462 2548; x_wconf 74' lang='lat' dir='ltr'><strong>subito²</strong></span> <span class='ocrx_word' id='word_1_125' title='bbox 483 2493 635 2566; x_wconf 74' lang='lat' dir='ltr'><strong>disparuit.</strong></span> 
     </span>
    </p>
   </div>
   <div class='ocr_carea' id='block_1_5' title="bbox 748 3130 979 3216">
    <p class='ocr_par' dir='ltr' id='par_1_5' title="bbox 748 3130 979 3216">
     <span class='ocr_line' id='line_1_18' title="bbox 748 3130 979 3216; baseline -0.013 -17"><span class='ocrx_word' id='word_1_126' title='bbox 748 3131 876 3216; x_wconf 66' lang='lat' dir='ltr'><strong>[ora</strong></span> <span class='ocrx_word' id='word_1_127' title='bbox 900 3130 979 3215; x_wconf 61' lang='lat' dir='ltr'><strong>xis</strong></span> 
     </span>
    </p>
   </div>
   <div class='ocr_carea' id='block_1_6' title="bbox 169 3293 1398 4361">
    <p class='ocr_par' dir='ltr' id='par_1_6' title="bbox 169 3293 1398 4361">
     <span class='ocr_line' id='line_1_19' title="bbox 171 3293 1397 3446; baseline 0.001 -87"><span class='ocrx_word' id='word_1_128' title='bbox 171 3317 258 3381; x_wconf 67' lang='lat' dir='ltr'><strong>Tm</strong></span> <span class='ocrx_word' id='word_1_129' title='bbox 271 3317 321 3368; x_wconf 56' lang='grc' dir='ltr'><strong>«οι,</strong></span> <span class='ocrx_word' id='word_1_130' title='bbox 343 3293 526 3446; x_wconf 80' lang='lat' dir='ltr'><strong>⁴Nempe</strong></span> <span class='ocrx_word' id='word_1_131' title='bbox 548 3310 702 3362; x_wconf 81' lang='lat' dir='ltr'><strong>coronatus</strong></span> <span class='ocrx_word' id='word_1_132' title='bbox 717 3321 770 3361; x_wconf 82' lang='lat' dir='ltr'><strong>rex</strong></span> <span class='ocrx_word' id='word_1_133' title='bbox 800 3305 965 3378; x_wconf 78' lang='lat' dir='ltr'><strong>Stephanus</strong></span> <span class='ocrx_word' id='word_1_134' title='bbox 985 3304 1098 3377; x_wconf 83' lang='lat' dir='ltr'><strong>juravit</strong></span> <span class='ocrx_word' id='word_1_135' title='bbox 1119 3323 1214 3362; x_wconf 88' lang='lat' dir='ltr'><strong>coram</strong></span> <span class='ocrx_word' id='word_1_136' title='bbox 1231 3304 1397 3378; x_wconf 87' lang='lat' dir='ltr'><strong>proceribus</strong></span> 
     </span>
     <span class='ocr_line' id='line_1_20' title="bbox 171 3387 1396 3467; baseline 0.002 -18"><span class='ocrx_word' id='word_1_137' title='bbox 171 3387 249 3433; x_wconf 70' lang='lat'><strong>2³⁸⁵·</strong></span> <span class='ocrx_word' id='word_1_138' title='bbox 469 3395 548 3467; x_wconf 89' lang='lat' dir='ltr'><strong>apud</strong></span> <span class='ocrx_word' id='word_1_139' title='bbox 565 3395 716 3464; x_wconf 77' lang='lat' dir='ltr'><strong>Orchiam,</strong></span> <span class='ocrx_word' id='word_1_140' title='bbox 735 3394 813 3466; x_wconf 88' lang='lat' dir='ltr'><strong>quod</strong></span> <span class='ocrx_word' id='word_1_141' title='bbox 832 3396 1005 3467; x_wconf 81' lang='lat' dir='ltr'><strong>prealatmas</strong></span> <span class='ocrx_word' id='word_1_142' title='bbox 1019 3401 1156 3452; x_wconf 75' lang='lat' dir='ltr'><strong>vacantes</strong></span> <span class='ocrx_word' id='word_1_143' title='bbox 1178 3397 1210 3450; x_wconf 92' lang='lat' dir='ltr'><strong>in</strong></span> <span class='ocrx_word' id='word_1_144' title='bbox 1233 3415 1323 3452; x_wconf 86' lang='lat' dir='ltr'><strong>manu</strong></span> <span class='ocrx_word' id='word_1_145' title='bbox 1345 3415 1396 3452; x_wconf 89' lang='lat' dir='ltr'><strong>sua</strong></span> 
     </span>
     <span class='ocr_line' id='line_1_21' title="bbox 172 3473 1397 3556; baseline 0 -16"><span class='ocrx_word' id='word_1_146' title='bbox 172 3473 310 3540; x_wconf 48' lang='lat' dir='ltr'><strong>ffissdffli·</strong></span> <span class='ocrx_word' id='word_1_147' title='bbox 348 3500 408 3538; x_wconf 89' lang='lat' dir='ltr'><strong>non</strong></span> <span class='ocrx_word' id='word_1_148' title='bbox 434 3489 578 3552; x_wconf 85' lang='lat' dir='ltr'><strong>teneret;</strong></span> <span class='ocrx_word' id='word_1_149' title='bbox 603 3484 681 3556; x_wconf 92' lang='lat' dir='ltr'><strong>quod</strong></span> <span class='ocrx_word' id='word_1_150' title='bbox 690 3484 1092 3554; x_wconf 84' lang='lat' dir='ltr'><strong>Denegaldumrcmitteret;</strong></span> <span class='ocrx_word' id='word_1_151' title='bbox 1117 3485 1194 3556; x_wconf 89' lang='lat' dir='ltr'><strong>quod</strong></span> <span class='ocrx_word' id='word_1_152' title='bbox 1203 3486 1349 3542; x_wconf 91' lang='lat' dir='ltr'><strong>neminem</strong></span> <span class='ocrx_word' id='word_1_153' title='bbox 1361 3486 1397 3541; x_wconf 91' lang='lat' dir='ltr'><strong>de</strong></span> 
     </span>
     <span class='ocr_line' id='line_1_22' title="bbox 169 3547 1398 3647; baseline 0.002 -19"><span class='ocrx_word' id='word_1_154' title='bbox 169 3547 299 3592; x_wconf 46' lang='grc' dir='ltr'><strong>*ΨΜ</strong></span> <span class='ocrx_word' id='word_1_155' title='bbox 345 3572 427 3628; x_wconf 81' lang='lat' dir='ltr'><strong>silvis</strong></span> <span class='ocrx_word' id='word_1_156' title='bbox 458 3573 584 3646; x_wconf 89' lang='lat' dir='ltr'><strong>propriis</strong></span> <span class='ocrx_word' id='word_1_157' title='bbox 620 3574 822 3646; x_wconf 86' lang='lat' dir='ltr'><strong>implacitaret.</strong></span> <span class='ocrx_word' id='word_1_158' title='bbox 870 3573 966 3630; x_wconf 90' lang='lat' dir='ltr'><strong>Immo</strong></span> <span class='ocrx_word' id='word_1_159' title='bbox 989 3574 1059 3645; x_wconf 88' lang='lat' dir='ltr'><strong>quia</strong></span> <span class='ocrx_word' id='word_1_160' title='bbox 1090 3575 1247 3631; x_wconf 85' lang='lat' dir='ltr'><strong>adventum</strong></span> <span class='ocrx_word' id='word_1_161' title='bbox 1270 3576 1398 3647; x_wconf 88' lang='lat' dir='ltr'><strong>impera·</strong></span> 
     </span>
     <span class='ocr_line' id='line_1_23' title="bbox 347 3661 1398 3739; baseline 0.006 -24"><span class='ocrx_word' id='word_1_162' title='bbox 347 3661 428 3718; x_wconf 89' lang='lat' dir='ltr'><strong>tricia</strong></span> <span class='ocrx_word' id='word_1_163' title='bbox 464 3663 649 3734; x_wconf 87' lang='lat' dir='ltr'><strong>formidabat,</strong></span> <span class='ocrx_word' id='word_1_164' title='bbox 682 3663 827 3718; x_wconf 82' lang='lat' dir='ltr'><strong>concessit</strong></span> <span class='ocrx_word' id='word_1_165' title='bbox 849 3667 884 3717; x_wconf 88' lang='lat' dir='ltr'><strong>ut</strong></span> <span class='ocrx_word' id='word_1_166' title='bbox 909 3663 1033 3735; x_wconf 88' lang='lat' dir='ltr'><strong>quilibet</strong></span> <span class='ocrx_word' id='word_1_167' title='bbox 1056 3663 1091 3718; x_wconf 91' lang='lat' dir='ltr'><strong>de</strong></span> <span class='ocrx_word' id='word_1_168' title='bbox 1114 3665 1280 3736; x_wconf 88' lang='lat' dir='ltr'><strong>proceribus</strong></span> <span class='ocrx_word' id='word_1_169' title='bbox 1301 3671 1398 3739; x_wconf 88' lang='lat' dir='ltr'><strong>posset</strong></span> 
     </span>
     <span class='ocr_line' id='line_1_24' title="bbox 351 3751 1397 3826; baseline 0.005 -21"><span class='ocrx_word' id='word_1_170' title='bbox 351 3751 445 3808; x_wconf 81' lang='lat' dir='ltr'><strong>iacere</strong></span> <span class='ocrx_word' id='word_1_171' title='bbox 471 3752 667 3808; x_wconf 88' lang='lat' dir='ltr'><strong>munitionem</strong></span> <span class='ocrx_word' id='word_1_172' title='bbox 696 3751 757 3808; x_wconf 76' lang='lat' dir='ltr'><strong>sive</strong></span> <span class='ocrx_word' id='word_1_173' title='bbox 781 3757 908 3807; x_wconf 82' lang='lat' dir='ltr'><strong>castrum</strong></span> <span class='ocrx_word' id='word_1_174' title='bbox 939 3754 970 3807; x_wconf 91' lang='lat' dir='ltr'><strong>in</strong></span> <span class='ocrx_word' id='word_1_175' title='bbox 994 3753 1084 3809; x_wconf 83' lang='lat' dir='ltr'><strong>fundo</strong></span> <span class='ocrx_word' id='word_1_176' title='bbox 1107 3754 1230 3826; x_wconf 89' lang='lat' dir='ltr'><strong>proprio.</strong></span> <span class='ocrx_word' id='word_1_177' title='bbox 1278 3755 1315 3810; x_wconf 83' lang='lat' dir='ltr'><strong>Et</strong></span> <span class='ocrx_word' id='word_1_178' title='bbox 1338 3756 1397 3810; x_wconf 91' lang='lat' dir='ltr'><strong>cito</strong></span> 
     </span>
     <span class='ocr_line' id='line_1_25' title="bbox 348 3841 1396 3914; baseline 0.003 -18"><span class='ocrx_word' id='word_1_179' title='bbox 348 3847 414 3914; x_wconf 84' lang='lat' dir='ltr'><strong>post</strong></span> <span class='ocrx_word' id='word_1_180' title='bbox 448 3843 513 3897; x_wconf 80' lang='lat' dir='ltr'><strong>hoec</strong></span> <span class='ocrx_word' id='word_1_181' title='bbox 545 3841 651 3914; x_wconf 87' lang='lat' dir='ltr'><strong>recipit</strong></span> <span class='ocrx_word' id='word_1_182' title='bbox 688 3842 726 3896; x_wconf 91' lang='lat' dir='ltr'><strong>ad</strong></span> <span class='ocrx_word' id='word_1_183' title='bbox 759 3842 943 3897; x_wconf 87' lang='lat' dir='ltr'><strong>concordiam</strong></span> <span class='ocrx_word' id='word_1_184' title='bbox 971 3841 1067 3898; x_wconf 81' lang='lat' dir='ltr'><strong>David</strong></span> <span class='ocrx_word' id='word_1_185' title='bbox 1100 3861 1201 3914; x_wconf 82' lang='lat' dir='ltr'><strong>regem</strong></span> <span class='ocrx_word' id='word_1_186' title='bbox 1234 3845 1396 3912; x_wconf 87' lang='lat' dir='ltr'><strong>Scotorum,</strong></span> 
     </span>
     <span class='ocr_line' id='line_1_26' title="bbox 349 3930 1396 4003; baseline 0.003 -18"><span class='ocrx_word' id='word_1_187' title='bbox 349 3931 401 4002; x_wconf 88' lang='lat' dir='ltr'><strong>qui</strong></span> <span class='ocrx_word' id='word_1_188' title='bbox 421 3949 517 4002; x_wconf 90' lang='lat' dir='ltr'><strong>nuper</strong></span> <span class='ocrx_word' id='word_1_189' title='bbox 537 3930 635 3986; x_wconf 89' lang='lat' dir='ltr'><strong>dolose</strong></span> <span class='ocrx_word' id='word_1_190' title='bbox 672 3936 787 4003; x_wconf 82' lang='lat' dir='ltr'><strong>ceperat</strong></span> <span class='ocrx_word' id='word_1_191' title='bbox 818 3931 969 3986; x_wconf 85' lang='lat' dir='ltr'><strong>castellum</strong></span> <span class='ocrx_word' id='word_1_192' title='bbox 992 3932 1028 3987; x_wconf 85' lang='lat' dir='ltr'><strong>de</strong></span> <span class='ocrx_word' id='word_1_193' title='bbox 1060 3933 1194 3988; x_wconf 83' lang='lat' dir='ltr'><strong>anrliell</strong></span> <span class='ocrx_word' id='word_1_194' title='bbox 1217 3939 1247 3988; x_wconf 90' lang='lat' dir='ltr'><strong>et</strong></span> <span class='ocrx_word' id='word_1_195' title='bbox 1269 3939 1396 3988; x_wconf 84' lang='lat' dir='ltr'><strong>castrum</strong></span> 
     </span>
     <span class='ocr_line' id='line_1_27' title="bbox 349 4019 1395 4093; baseline 0.004 -19"><span class='ocrx_word' id='word_1_196' title='bbox 349 4036 438 4091; x_wconf 91' lang='lat' dir='ltr'><strong>super</strong></span> <span class='ocrx_word' id='word_1_197' title='bbox 461 4019 575 4090; x_wconf 66' lang='lat' dir='ltr'><strong>uinum,</strong></span> <span class='ocrx_word' id='word_1_198' title='bbox 598 4024 628 4075; x_wconf 89' lang='lat' dir='ltr'><strong>et</strong></span> <span class='ocrx_word' id='word_1_199' title='bbox 651 4020 734 4074; x_wconf 85' lang='lat' dir='ltr'><strong>dedit</strong></span> <span class='ocrx_word' id='word_1_200' title='bbox 756 4021 784 4076; x_wconf 91' lang='lat' dir='ltr'><strong>ci</strong></span> <span class='ocrx_word' id='word_1_201' title='bbox 807 4020 1061 4093; x_wconf 86' lang='lat' dir='ltr'><strong>Huntyngdonam</strong></span> <span class='ocrx_word' id='word_1_202' title='bbox 1096 4022 1128 4077; x_wconf 92' lang='lat' dir='ltr'><strong>in</strong></span> <span class='ocrx_word' id='word_1_203' title='bbox 1150 4021 1270 4092; x_wconf 63' lang='lat' dir='ltr'><strong>singlis,</strong></span> <span class='ocrx_word' id='word_1_204' title='bbox 1293 4023 1395 4078; x_wconf 90' lang='lat' dir='ltr'><strong>homa-</strong></span> 
     </span>
     <span class='ocr_line' id='line_1_28' title="bbox 349 4108 1397 4183; baseline 0 -20"><span class='ocrx_word' id='word_1_205' title='bbox 349 4108 432 4179; x_wconf 81' lang='lat' dir='ltr'><strong>gium</strong></span> <span class='ocrx_word' id='word_1_206' title='bbox 455 4114 553 4165; x_wconf 86' lang='lat' dir='ltr'><strong>autem</strong></span> <span class='ocrx_word' id='word_1_207' title='bbox 576 4115 607 4164; x_wconf 91' lang='lat' dir='ltr'><strong>et</strong></span> <span class='ocrx_word' id='word_1_208' title='bbox 621 4109 794 4164; x_wconf 87' lang='lat' dir='ltr'><strong>fidelitatem</strong></span> <span class='ocrx_word' id='word_1_209' title='bbox 810 4128 828 4164; x_wconf 92' lang='lat' dir='ltr'><strong>a</strong></span> <span class='ocrx_word' id='word_1_210' title='bbox 849 4109 911 4164; x_wconf 89' lang='lat' dir='ltr'><strong>filio</strong></span> <span class='ocrx_word' id='word_1_211' title='bbox 926 4109 1020 4182; x_wconf 88' lang='lat' dir='ltr'><strong>ipsius</strong></span> <span class='ocrx_word' id='word_1_212' title='bbox 1043 4111 1138 4166; x_wconf 84' lang='lat' dir='ltr'><strong>David</strong></span> <span class='ocrx_word' id='word_1_213' title='bbox 1152 4110 1269 4183; x_wconf 87' lang='lat' dir='ltr'><strong>recepit,</strong></span> <span class='ocrx_word' id='word_1_214' title='bbox 1285 4129 1345 4166; x_wconf 91' lang='lat' dir='ltr'><strong>non</strong></span> <span class='ocrx_word' id='word_1_215' title='bbox 1360 4111 1397 4165; x_wconf 91' lang='lat' dir='ltr'><strong>ab</strong></span> 
     </span>
     <span class='ocr_line' id='line_1_29' title="bbox 349 4195 1395 4270; baseline 0.005 -21"><span class='ocrx_word' id='word_1_216' title='bbox 349 4195 411 4269; x_wconf 87' lang='lat' dir='ltr'><strong>ipso</strong></span> <span class='ocrx_word' id='word_1_217' title='bbox 426 4197 533 4268; x_wconf 84' lang='lat' dir='ltr'><strong>David,</strong></span> <span class='ocrx_word' id='word_1_218' title='bbox 550 4197 619 4269; x_wconf 87' lang='lat' dir='ltr'><strong>quie</strong></span> <span class='ocrx_word' id='word_1_219' title='bbox 633 4198 730 4255; x_wconf 81' lang='lat' dir='ltr'><strong>David</strong></span> <span class='ocrx_word' id='word_1_220' title='bbox 750 4197 832 4270; x_wconf 88' lang='lat' dir='ltr'><strong>prius</strong></span> <span class='ocrx_word' id='word_1_221' title='bbox 843 4197 993 4270; x_wconf 78' lang='lat' dir='ltr'><strong>juraverat</strong></span> <span class='ocrx_word' id='word_1_222' title='bbox 1015 4198 1186 4254; x_wconf 83' lang='lat' dir='ltr'><strong>fidelitatem</strong></span> <span class='ocrx_word' id='word_1_223' title='bbox 1209 4199 1395 4270; x_wconf 86' lang='lat' dir='ltr'><strong>imperatrici.</strong></span> 
     </span>
     <span class='ocr_line' id='line_1_30' title="bbox 346 4286 1395 4361; baseline 0.002 -22"><span class='ocrx_word' id='word_1_224' title='bbox 346 4286 460 4343; x_wconf 90' lang='lat' dir='ltr'><strong>Deinde</strong></span> <span class='ocrx_word' id='word_1_225' title='bbox 482 4305 532 4343; x_wconf 87' lang='lat' dir='ltr'><strong>rex</strong></span> <span class='ocrx_word' id='word_1_226' title='bbox 549 4287 714 4360; x_wconf 86' lang='lat' dir='ltr'><strong>Stephanus</strong></span> <span class='ocrx_word' id='word_1_227' title='bbox 730 4287 808 4361; x_wconf 89' lang='lat' dir='ltr'><strong>cepit</strong></span> <span class='ocrx_word' id='word_1_228' title='bbox 823 4287 1010 4344; x_wconf 70' lang='lat' dir='ltr'><strong>Excesuiam.</strong></span> <span class='ocrx_word' id='word_1_229' title='bbox 1058 4287 1225 4344; x_wconf 88' lang='lat' dir='ltr'><strong>Willelmus</strong></span> <span class='ocrx_word' id='word_1_230' title='bbox 1240 4287 1395 4343; x_wconf 84' lang='lat' dir='ltr'><strong>Oantnari·</strong></span> 
     </span>
    </p>
   </div>
   <div class='ocr_carea' id='block_1_7' title="bbox 339 4531 1394 4835">
    <p class='ocr_par' dir='ltr' id='par_1_7' title="bbox 339 4531 1393 4677">
     <span class='ocr_line' id='line_1_31' title="bbox 373 4531 1393 4600; baseline 0.002 -18"><span class='ocrx_word' id='word_1_231' title='bbox 373 4531 381 4564; x_wconf 91' lang='lat'>¹</span> <span class='ocrx_word' id='word_1_232' title='bbox 400 4532 841 4599; x_wconf 76' lang='lat' dir='ltr'><strong>Etpasteacoajanctasuilwritteu</strong></span> <span class='ocrx_word' id='word_1_233' title='bbox 890 4537 926 4599; x_wconf 83' lang='lat' dir='ltr'><strong>by</strong></span> <span class='ocrx_word' id='word_1_234' title='bbox 949 4535 991 4583; x_wconf 87' lang='lat' dir='ltr'><strong>the</strong></span> <span class='ocrx_word' id='word_1_235' title='bbox 1003 4533 1058 4584; x_wconf 83' lang='lat' dir='ltr'><strong>first</strong></span> <span class='ocrx_word' id='word_1_236' title='bbox 1068 4533 1127 4584; x_wconf 83' lang='lat' dir='ltr'><strong>iour</strong></span> <span class='ocrx_word' id='word_1_237' title='bbox 1145 4535 1226 4584; x_wconf 86' lang='lat' dir='ltr'><strong>words</strong></span> <span class='ocrx_word' id='word_1_238' title='bbox 1246 4533 1322 4600; x_wconf 78' lang='lat' dir='ltr'><strong>being</strong></span> <span class='ocrx_word' id='word_1_239' title='bbox 1340 4534 1393 4584; x_wconf 84' lang='lat' dir='ltr'><strong>ina</strong></span> 
     </span>
     <span class='ocr_line' id='line_1_32' title="bbox 339 4610 1122 4677; baseline 0 -16"><span class='ocrx_word' id='word_1_240' title='bbox 339 4610 400 4661; x_wconf 88' lang='lat' dir='ltr'><strong>here</strong></span> <span class='ocrx_word' id='word_1_241' title='bbox 411 4611 437 4659; x_wconf 92' lang='lat' dir='ltr'><strong>in</strong></span> <span class='ocrx_word' id='word_1_242' title='bbox 448 4612 491 4670; x_wconf 72' lang='lat' dir='ltr'><strong>A„</strong></span> <span class='ocrx_word' id='word_1_243' title='bbox 502 4612 549 4661; x_wconf 87' lang='lat' dir='ltr'><strong>but</strong></span> <span class='ocrx_word' id='word_1_244' title='bbox 560 4614 654 4663; x_wconf 88' lang='lat' dir='ltr'><strong>erased.</strong></span> <span class='ocrx_word' id='word_1_245' title='bbox 891 4614 975 4677; x_wconf 84' lang='lat' dir='ltr'><strong>larger</strong></span> <span class='ocrx_word' id='word_1_246' title='bbox 985 4613 1122 4663; x_wconf 84' lang='lat' dir='ltr'><strong>character.</strong></span> 
     </span>
    </p>

    <p class='ocr_par' dir='ltr' id='par_1_8' title="bbox 371 4689 1394 4749">
     <span class='ocr_line' id='line_1_33' title="bbox 371 4689 1394 4749; baseline 0.003 -10"><span class='ocrx_word' id='word_1_247' title='bbox 371 4689 593 4749; x_wconf 56' lang='lat' dir='ltr'><strong>’sotacus</strong></span> <span class='ocrx_word' id='word_1_248' title='bbox 925 4690 1052 4740; x_wconf 84' lang='lat' dir='ltr'><strong>⁴Seeond</strong></span> <span class='ocrx_word' id='word_1_249' title='bbox 1074 4691 1148 4742; x_wconf 81' lang='lat' dir='ltr'><strong>letter</strong></span> <span class='ocrx_word' id='word_1_250' title='bbox 1170 4689 1198 4741; x_wconf 83' lang='lat' dir='ltr'><strong>ol</strong></span> <span class='ocrx_word' id='word_1_251' title='bbox 1225 4690 1268 4742; x_wconf 78' lang='lat' dir='ltr'><strong>the</strong></span> <span class='ocrx_word' id='word_1_252' title='bbox 1291 4689 1394 4742; x_wconf 78' lang='lat' dir='ltr'><strong>writer’s</strong></span> 
     </span>
    </p>

    <p class='ocr_par' dir='ltr' id='par_1_9' title="bbox 372 4767 1017 4835">
     <span class='ocr_line' id='line_1_34' title="bbox 372 4767 1017 4835; baseline 0 -17"><span class='ocrx_word' id='word_1_253' title='bbox 372 4767 384 4800; x_wconf 86' lang='lat'><strong>³</strong></span> <span class='ocrx_word' id='word_1_254' title='bbox 400 4767 478 4818; x_wconf 80' lang='lat' dir='ltr'><strong>From</strong></span> <span class='ocrx_word' id='word_1_255' title='bbox 490 4771 524 4818; x_wconf 85' lang='lat' dir='ltr'><strong>A.</strong></span> <span class='ocrx_word' id='word_1_256' title='bbox 534 4789 541 4829; x_wconf 65' lang='grc' dir='ltr'>ς</span> <span class='ocrx_word' id='word_1_257' title='bbox 559 4770 665 4821; x_wconf 83' lang='lat' dir='ltr'><strong>marked</strong></span> <span class='ocrx_word' id='word_1_258' title='bbox 675 4769 703 4820; x_wconf 89' lang='lat' dir='ltr'><strong>in</strong></span> <span class='ocrx_word' id='word_1_259' title='bbox 713 4771 769 4822; x_wconf 83' lang='lat' dir='ltr'><strong>MS.</strong></span> <span class='ocrx_word' id='word_1_260' title='bbox 780 4771 842 4835; x_wconf 84' lang='lat' dir='ltr'><strong>only</strong></span> <span class='ocrx_word' id='word_1_261' title='bbox 892 4783 1017 4819; x_wconf 87' lang='lat' dir='ltr'><strong>sumamc.</strong></span> 
     </span>
    </p>
   </div>
   <div class='ocr_carea' id='block_1_8' title="bbox 438 4861 1262 4930">
    <p class='ocr_par' dir='ltr' id='par_1_10' title="bbox 438 4861 1262 4930">
     <span class='ocr_line' id='line_1_35' title="bbox 438 4861 1262 4930; baseline 0.002 -22"><span class='ocrx_word' id='word_1_262' title='bbox 438 4872 455 4908; x_wconf 94' lang='lat' dir='ltr'><strong>o</strong></span> <span class='ocrx_word' id='word_1_263' title='bbox 487 4861 579 4910; x_wconf 76' lang='grc'>51971.</span> <span class='ocrx_word' id='word_1_264' title='bbox 1251 4885 1262 4930; x_wconf 71' lang='lat'>1</span> 
     </span>
    </p>
   </div>
   <div class='ocr_carea' id='block_1_9' title="bbox 0 0 1824 5784">
    <p class='ocr_par' dir='ltr' id='par_1_11' title="bbox 0 0 1824 5784">
     <span class='ocr_line' id='line_1_36' title="bbox 0 0 1824 5784; baseline 0 0"><span class='ocrx_word' id='word_1_265' title='bbox 0 0 1824 5784; x_wconf 95' lang='lat' dir='ltr'><strong> </strong></span> 
     </span>
    </p>
   </div>
  </div>
 </body>
</html>
