3625 5784
599 818 868 866 osrossreossrs
891 817 1100 866 cummines.
1335 801 1376 870 75

317 1031 421 1070 nerum
445 1018 541 1071 fueret
562 1013 789 1071 edificationem
820 1013 981 1070 inchoetor.
1028 1012 1114 1071 Oircc
1146 1014 1209 1070 haro
1242 1019 1373 1085 tempore

318 1102 428 1176 incepit
443 1104 521 1174 ,ordo
544 1103 740 1160 Osrtusiensis
761 1102 794 1158 in
818 1102 953 1160 Celebris
976 1103 1007 1157 in
1030 1103 1199 1175 episcopatu
1216 1102 1372 1158 Gratiano·

318 1183 471 1265 politeno¹
486 1212 538 1266 per
560 1193 706 1265 quendem
721 1194 890 1248 Brunonsm
914 1192 964 1264 qui
988 1211 1022 1248 ex
1045 1192 1117 1248 urbe
1134 1183 1257 1248 colonio
1272 1191 1373 1247 oriun-

319 1283 374 1338 dus
395 1281 515 1338 natione
538 1282 715 1338 Teutonicus
735 1281 865 1338 ecolesim
880 1281 1034 1338 Remensie
1049 1281 1206 1337 canonicus
1230 1282 1261 1335 in
1278 1280 1374 1336 Gellio

143 1369 232 1432 TW·
243 1368 295 1420 0⁰¹·
319 1378 351 1428 et
364 1373 505 1443 magister
524 1371 688 1428 scholarum
705 1370 770 1426 fnit.
816 1370 874 1426 Hic
889 1370 992 1426 relicto
1015 1371 1112 1426 seculo
1135 1371 1288 1426 heremum
1304 1369 1372 1425 Ger·

143 1437 221 1484 2858.

321 1461 407 1516 tusiae
429 1461 507 1517 circs
536 1461 643 1516 festum
677 1462 771 1516 senoti
805 1460 951 1516 Johennis
983 1459 1120 1516 fundavit
1151 1465 1182 1514 et
1214 1459 1291 1514 rexit
1324 1477 1373 1514 sex

320 1550 414 1606 ennis.
469 1549 598 1606 Tandem
630 1555 753 1621 cogente
784 1550 903 1605 Urbano
937 1567 1013 1621 pepe
1044 1548 1180 1614 seeundo,
1206 1545 1291 1618 cnjus
1321 1547 1372 1603 eli·

322 1640 438 1712 quando
468 1645 629 1712 preceptor
659 1639 765 1704 fueret,
798 1638 922 1694 Romam
956 1637 1093 1710 perrexit,
1117 1637 1168 1693 ubi
1202 1655 1308 1710 pepem
1342 1636 1374 1692 in

322 1727 449 1800 negotiis
470 1727 673 1785 ecclesiasticis
695 1728 823 1784 multum
852 1725 944 1798 juvit,
968 1727 1018 1783 sed
1050 1745 1118 1783 oum
1151 1727 1312 1782 tumultum
1345 1732 1375 1782 et

322 1835 417 1874 mores
438 1817 528 1873 curiae
558 1818 634 1873 ierre
663 1835 724 1873 non
758 1821 865 1889 posset,
900 1815 1005 1872 relicte
1036 1816 1118 1872 curie
1150 1820 1375 1888 contemptoque

323 1905 571 1978 archiepiscopatu
594 1906 713 1962 Ricensi
736 1906 773 1962 ed
797 1923 883 1976 quem
902 1904 1026 1976 jubente
1049 1923 1124 1978 pepe
1139 1905 1249 1962 electus
1272 1905 1375 1972 inerat,

325 1996 356 2050 in
388 1997 508 2052 heremo
534 1995 678 2051 Gelebriae
700 1995 748 2051 cui
780 2012 887 2050 nomen
921 1993 1023 2050 Turris
1045 1999 1090 2050 est
1121 1993 1240 2050 secessit
1272 1999 1302 2050 et
1324 1994 1374 2050 de·

322 2084 416 2140 cessit
465 2085 530 2140 Hoc
552 2102 646 2155 genus
678 2085 890 2140 heremitarum
922 2085 977 2138 sub
1005 2083 1101 2155 priore
1134 2084 1208 2154 egit,
1232 2101 1375 2155 nusquam

324 2192 441 2230 omrem
464 2175 628 2239 comedens,
651 2179 703 2229 eut
726 2178 888 2245 epostetem
919 2171 1121 2240 reedmittens,
1144 2192 1198 2228 nec
1220 2189 1376 2227 numerum

324 2253 560 2319 dnodenarium²
582 2262 613 2318 in
646 2263 759 2319 clericis
793 2261 975 2318 transcendit
1005 2261 1063 2317 nisi
1093 2262 1169 2318 sorte
1192 2279 1246 2334 pro
1277 2261 1376 2333 eliqua

325 2352 434 2424 insigni
458 2370 599 2424 persone3
624 2353 712 2408 laicos
735 2357 833 2408 temen
857 2369 948 2424 nsque
971 2351 1009 2406 ed
1031 2350 1140 2422 viginti
1162 2350 1319 2423 recipiunt.

654 2653 1052 2662 --—-———-———--—-

738 2855 849 2942 [oAP.
875 2855 975 2942 ΝΡ

328 3046 458 3198 ⁴Rex
486 3054 654 3111 Willelmns
685 3054 756 3110 feeit
789 3059 883 3110 totam
905 3053 1048 3124 Anglinm
1082 3053 1206 3111 describi
1239 3061 1382 3128 quantum

377 3191 385 3199 .
447 3150 534 3200 terrie
557 3144 623 3216 quis
644 3143 787 3199 beronem
809 3161 929 3199 snorum
945 3143 1120 3213 possidebat,
1146 3150 1217 3215 quot
1231 3137 1383 3202 feodatos⁵

333 3232 453 3300 milites,
477 3239 549 3305 quot
570 3233 705 3301 villanos,
730 3238 801 3304 quot
830 3232 978 3288 animalis.
1023 3233 1062 3288 Et
1095 3240 1200 3290 vexate
1232 3239 1277 3290 est
1306 3239 1383 3292 terre

331 3322 432 3378 multis
454 3322 585 3379 eledibns
608 3321 676 3378 inde
703 3320 953 3395 provenientibus,
977 3327 1008 3376 et
1029 3321 1146 3378 redacte
1168 3328 1213 3378 est
1244 3324 1310 3380 haec
1332 3324 1383 3380 de·

328 3410 448 3484 scriptio
470 3412 502 3466 in
525 3428 585 3467 uno
608 3411 770 3477 volumine,
795 3410 948 3482 positoque
971 3411 1004 3466 in
1036 3412 1163 3468 archivis
1185 3413 1274 3484 regiis
1305 3415 1383 3486 apud

329 3501 525 3573 Wyntoniem.
572 3501 636 3556 Hoc
657 3501 748 3556 etiem
767 3518 845 3556 enno
861 3498 996 3571 odgerus
1011 3499 1150 3573 Adelyng
1172 3501 1291 3558 licentia
1305 3505 1384 3575 regis

329 3589 471 3646 Willelmi
493 3607 561 3646 oum
583 3590 680 3645 multe
701 3590 793 3645 clnese
815 3587 936 3644 muniit
958 3589 989 3644 in
1021 3589 1172 3661 Apuliam,
1197 3589 1281 3662 cnjus
1304 3610 1384 3649 soror

329 3678 496 3735 Christiane
518 3679 641 3735 intmvit
664 3677 875 3734 monesterium
898 3677 934 3732 de
958 3669 1141 3751 Remeseye.⁶

372 3769 510 3825 Urbanus
547 3768 691 3824 secundus
723 3772 790 3840 poet
821 3767 973 3823 Victorem
1008 3767 1089 3823 sedet
1120 3787 1196 3841 pepe
1222 3772 1307 3826 ennio
1341 3773 1383 3827 13.

329 3857 386 3913 Hic
408 3858 522 3930 primus
544 3856 601 3913 suit
623 3857 785 3912 monechus
805 3855 1019 3923 cluniacensis,
1035 3857 1141 3914 deinde
1164 3858 1386 3916 archidiaconus

329 3947 490 4012 Remensis,
515 3945 578 4003 ooo
600 3952 742 4013 vocetus3
775 3951 842 4018 post
864 3946 921 4001 hoc
943 3945 1097 4019 episcopus
1119 3946 1294 4014 Hostiensis,
1318 3953 1385 4004 ten·

328 4036 393 4091 dem
416 4036 600 4108 apostoliens.
646 4035 740 4105 Quem
763 4035 891 4090 muitum
906 4034 1027 4090 vexerit
1048 4054 1123 4108 pepe
1146 4037 1222 4092 elius
1243 4037 1383 4106 introsus,

329 4125 447 4180 nomine
470 4123 615 4191 Clemens,
639 4123 875 4197 archiepiscopus
897 4124 1045 4196 qnondam
1062 4125 1272 4182 Rerennensis.
1320 4127 1386 4183 Hoc

521 4278 645 4286 *—

361 4363 620 4431 ¹Graunopoiitano,
633 4365 710 4434 fligi.
918 4363 1043 4415 ⁴Fourth
1069 4364 1141 4413 letter
1163 4364 1191 4414 oi
1216 4365 1260 4413 the
1282 4365 1385 4417 writers

359 4443 577 4507 ’duodenem
589 4445 684 4512 nigo.;
701 4443 827 4496 duodeno-
881 4457 962 4492 neme.

325 4522 429 4581 rim,
440 4523 498 4574 MS.
917 4526 928 4558 ⁵
937 4523 1067 4590 scodram,
1079 4523 1136 4574 MS.

359 4601 370 4634 ³
386 4601 463 4653 From
475 4604 508 4651 A.
542 4602 574 4650 In
584 4602 641 4652 MS.
649 4601 694 4651 the
704 4602 760 4652 first
770 4603 829 4653 four
916 4604 926 4636 ⁰
945 4604 1072 4664 Romam,
1085 4605 1119 4653 A.

327 4680 409 4730 words
419 4694 463 4730 cre
475 4679 500 4728 in
512 4679 597 4740 israer
608 4679 744 4731 character.
