3625 5784
412 917 476 980 180
769 935 915 983 saunier
938 935 1122 985 urrunnun

238 1120 348 1234 {feben
409 1141 493 1198 eum,
525 1127 560 1186 et
583 1123 752 1188 confestim
784 1146 805 1190 a
834 1145 921 1212 papa
943 1126 1154 1192 confirmatus
1175 1131 1228 1192 est
1250 1131 1285 1190 et
1306 1127 1373 1192 cito
1388 1130 1463 1210 post

241 1195 356 1302 „hssffl
409 1227 626 1288 consecratus.
672 1224 754 1304 Quae
789 1248 863 1291 cum
899 1229 943 1293 ad
981 1229 1188 1293 audientiam
1222 1230 1308 1313 regis
1339 1228 1463 1312 absque

241 1317 364 1433 ffighssgeh·
411 1322 569 1389 dilatione
593 1325 812 1403 devenissent,
838 1328 992 1394 turbatus
1023 1335 1132 1394 estet
1161 1328 1402 1394 excandescens
1424 1328 1460 1391 in

241 1400 375 1542 Angelos
411 1425 495 1490 iram
529 1426 603 1491 illos
635 1428 716 1512 xiiij.
750 1429 927 1494 monachos
960 1452 1061 1516 regno
1102 1451 1162 1494 suo
1197 1435 1356 1514 perpetuo
1390 1450 1464 1514 pro·

241 1542 390 1609 utuguohn.
412 1525 563 1612 scripsit,¹
587 1527 648 1592 sub
672 1551 771 1615 poena
805 1532 925 1616 capitis
947 1531 1150 1597 interdicens
1184 1533 1231 1596 eis
1261 1531 1405 1595 reditum
1428 1531 1465 1593 in

317 1693 326 1702 ,
413 1634 534 1693 terram
573 1651 676 1696 suam.
733 1631 912 1697 Monachos
950 1633 1052 1697 etiam
1086 1640 1222 1698 caeteros
1262 1653 1283 1696 a
1320 1631 1463 1696 claustro

412 1729 517 1814 ejecit,
540 1731 750 1796 committens
777 1753 889 1798 curam
913 1733 1059 1818 ejusdem
1084 1733 1202 1798 domus
1226 1732 1462 1797 mercatoribus

412 1832 635 1908 Brabaotinis‚
651 1834 709 1918 qui
735 1837 973 1920 responderent
988 1836 1019 1899 ei.
1034 1832 1099 1899 de²
1120 1834 1268 1899 exitibus
1290 1834 1460 1897 universio.

243 1943 366 1995 Hiertam
413 1932 622 2018 Caeterosque
644 1933 776 2000 clericos
805 1937 952 2020 ejusdem
975 1936 1153 2022 provinciae
1183 1936 1269 2000 male
1292 1936 1463 2008 tractavit,

241 2025 370 2126 fflssffi’*
412 2037 447 2096 et
470 2033 642 2098 universos
673 2035 726 2100 dei
750 2037 919 2100 ministros
942 2058 1056 2101 exosos
1088 2036 1208 2101 habuit
1238 2035 1332 2099 nulla
1354 2035 1461 2098 flexus

242 2144 390 2212 thectergy.
411 2134 535 2220 pietate
558 2136 611 2200 vel
634 2137 863 2202 misericordia.
913 2137 1042 2217 Quibus
1065 2138 1199 2203 domino
1229 2158 1324 2223 papae
1346 2139 1463 2200 nunci-

410 2235 484 2312 atis,
500 2237 631 2322 scripsit
645 2237 674 2302 ci
699 2259 793 2324 papa,
817 2238 963 2304 filialiter
985 2237 1146 2303 hortans³
1170 2247 1205 2303 et
1226 2259 1364 2302 monens
1387 2238 1459 2302 vice

240 2339 351 2392 Remon-
408 2337 505 2414 trina,
522 2344 562 2401 ut
576 2338 619 2402 ab
634 2339 899 2424 oppressionibus
915 2339 1102 2423 hujusmodi
1119 2340 1321 2425 poeniteutia
1337 2340 1459 2404 ductus

239 2410 380 2538 lssfflpgf
409 2440 558 2515 resiliret,
581 2441 729 2526 alioquin
752 2443 867 2507 durius
882 2441 1114 2528 procedere-tur
1137 2441 1174 2505 in
1197 2464 1283 2506 eum.
1331 2443 1379 2505 At
1402 2441 1459 2504 ille

408 2541 633 2607 continuando
665 2564 806 2608 errorem
845 2544 1003 2629 processit
1042 2543 1083 2606 de
1105 2597 1107 2602 .
1131 2542 1219 2608 malo
1257 2543 1318 2605 iu⁴
1355 2544 1458 2628 pejus.

238 2643 368 2722 fl'hekinr
409 2642 546 2728 Propter
580 2644 668 2728 quod
707 2645 861 2710 domiuus
888 2666 975 2731 papa
1005 2646 1207 2709 sententiam
1236 2645 1459 2710 excommuni-

236 2727 386 2833 {Jfflh’
408 2745 548 2809 cationis
571 2745 651 2810 tulit
675 2747 709 2809 in
734 2768 809 2810 eum
842 2753 876 2812 et
907 2747 941 2809 in
973 2768 1086 2811 omnes
1116 2747 1271 2824 fautores,
1295 2753 1331 2810 et
1353 2753 1457 2811 totam

408 2852 530 2912 terram
571 2848 787 2934 Anglicanam
827 2848 1044 2914 ecclesiastico
1070 2849 1244 2934 supposuit
1273 2849 1457 2913 interdicto.

235 2953 280 3030 An
292 2955 370 3006 inter·
409 2949 604 3035 Incepitque
627 2951 688 3016 hoc
701 2949 713 2988 ⁵
728 2950 944 3016 interdictum
959 2951 1111 3035 generale
1126 2972 1148 3014 a
1170 2951 1277 3036 prima
1293 2951 1460 3015 dominica

234 3021 358 3151 2:2³nyOE
407 3053 569 3135 passione
607 3051 733 3116 domini
780 3073 869 3117 anno
908 3053 1053 3137 ejusdem
1091 3069 1240 3117 ntccvnl.
1279 3075 1354 3138 quae
1393 3053 1459 3118 suit

234 3153 343 3267 Μᾶῡέθ
406 3154 520 3218 eodem
548 3175 643 3229 anno,
678 3163 714 3217 x⁰
737 3155 956 3219 kalendarum
990 3154 1125 3240 Aprilis,
1157 3161 1192 3219 et
1225 3155 1361 3218 duravit
1398 3177 1456 3218 sex

233 3227 304 3358 5⁰1¹)st
319 3257 379 3361 [Μ
405 3257 503 3322 anuis
526 3257 693 3322 continuis
717 3261 752 3321 et
775 3278 842 3321 uno
873 3278 994 3334 mense,
1016 3258 1131 3342 nilque
1163 3257 1264 3323 fiebat
1286 3257 1320 3320 in
1344 3264 1458 3322 sancta

261 3346 266 3358 '
296 3348 301 3360 '
385 3347 391 3360 ’
404 3364 510 3424 matre
525 3359 659 3424 ecclesia
674 3359 736 3422 nisi
755 3359 968 3443 parvulorum
984 3359 1159 3445 baptisma,
1169 3357 1226 3424 ete
1241 3359 1457 3424 consessiones

404 3459 626 3524 morientium.
673 3457 818 3546 Corpora
840 3465 952 3525 tamen
978 3481 1091 3525 eorum
1114 3467 1211 3525 extra
1233 3459 1457 3524 cinritcrium⁷

407 3562 539 3646 sepulta
583 3566 692 3640 sunt;
726 3567 760 3626 et
806 3561 996 3627 memoriale
1042 3563 1105 3627 hoc
1149 3584 1215 3627 non
1240 3562 1377 3627 duravit
1420 3562 1457 3625 in

232 3661 340 3739 Bienops
407 3663 525 3728 secula.
572 3663 682 3749 Hujus
705 3668 818 3728 autem
842 3663 1011 3728 interdicti
1034 3669 1225 3728 executores
1249 3663 1457 3727 Londonien-

231 3729 356 3857 23¹¹ssssng
407 3785 476 3828 sem
500 3763 624 3829 scilicet
651 3764 923 3850 Wygorniensem
938 3771 973 3828 et
996 3763 1185 3830 Heliensem
1202 3765 1369 3850 episcopos
1384 3766 1454 3850 egit

230 3861 298 3926 king.
408 3866 476 3950 ipse
512 3887 570 3930 rex
594 3866 629 3928 iu
663 3865 811 3942 exilium,
849 3870 883 3930 et
915 3866 1023 3930 multa
1059 3867 1125 3931 alia
1155 3868 1244 3930 mala
1275 3867 1455 3951 instigante

402 3967 536 4031 diabolo
558 3969 770 4054 perpetravit.

433 4218 624 4285 ¹prosrripait]
657 4221 721 4270 from
752 4221 808 4278 Α.;
843 4235 901 4268 cou-
952 4217 1014 4268 This
1024 4218 1046 4268 is
1066 4219 1189 4283 probably
1201 4219 1268 4269 what
1286 4219 1309 4268 is
1320 4227 1414 4278 meant,
1424 4236 1452 4269 aa

396 4300 509 4363 scripsit,
520 4300 576 4350 MS.
950 4312 1010 4361 may
1033 4299 1064 4347 be
1084 4299 1180 4364 judged
1203 4299 1238 4362 by
1260 4300 1304 4348 the
1326 4306 1406 4348 tamen
1426 4299 1452 4348 iu

427 4378 502 4444 ²de]
534 4379 632 4428 written
661 4379 741 4428 abore
769 4377 812 4428 the
848 4378 899 4426 line
951 4377 994 4426 the
1006 4383 1068 4426 next
1085 4385 1212 4426 sentence.
1247 4375 1299 4425 But
1314 4377 1371 4426 MS.
1382 4377 1453 4442 giret

394 4455 420 4504 in
434 4457 467 4506 Λ.
950 4461 974 4502 rt
1010 4455 1066 4503 aine
1094 4455 1249 4519 confessicae
1277 4457 1328 4504 aud
1357 4458 1452 4521 clearly

427 4537 438 4569 ³
456 4535 573 4602 hortuna]
595 4544 690 4596 ortano,
701 4537 759 4587 MS.
772 4537 822 4584 and
835 4537 869 4586 A.
950 4541 1037 4583 meant
1060 4550 1167 4599 corpora
1184 4542 1211 4583 to
1228 4535 1261 4583 be
1283 4534 1369 4598 joined
1392 4535 1451 4584 with

427 4615 495 4678 ⁴in]
512 4615 576 4664 from
590 4615 639 4674 A.;
658 4613 778 4663 om.MS.
949 4614 1113 4662 morientium.
1147 4614 1248 4663 malso
1267 4613 1339 4679 gives
1357 4616 1452 4678 confers-

427 4693 605 4756 *Inrepitque
639 4693 694 4756 laec]
733 4693 798 4742 from
836 4693 895 4750 A.;
947 4693 1016 4741 none
1035 4693 1096 4742 with
1116 4694 1171 4743 siue
1188 4701 1287 4742 written
1306 4695 1388 4742 abore
1408 4695 1453 4744 the

394 4771 536 4836 Intercepit
548 4771 600 4829 loc,
612 4773 669 4821 MS.
946 4772 1006 4822 line.

425 4850 476 4898 ‘et
509 4850 676 4915 consessiones
713 4849 891 4916 morientium]
980 4852 1166 4912 Minuitur-iant,
1176 4851 1234 4904 MS.
