3625 5784
620 876 894 927 narcasrarrsrs
919 878 1134 928 carorrcor.
1346 867 1408 929 261

181 1048 326 1165 {By-0⁰¹·
397 1055 516 1123 ¹Oirca
537 1058 684 1123 medium
726 1057 994 1144 Quadragesimse
1032 1060 1153 1125 iterato
1199 1060 1404 1145 propositum

249 1153 256 1164 '
351 1179 521 1235 renovans,
560 1160 703 1225 narem²
739 1162 889 1226 ascendit
911 1160 1105 1239 Edwardus,
1127 1166 1161 1226 ct
1199 1160 1243 1225 a³
1281 1162 1406 1227 Pascha
1418 1170 1472 1249 Tts

352 1260 478 1325 domini
512 1284 570 1347 por
602 1284 659 1327 xv.
691 1263 761 1327 dies
795 1264 838 1327 ad
869 1264 990 1329 Acram
1022 1264 1184 1349 applicuit
1216 1285 1290 1329 cum
1314 1265 1404 1329 mille
1417 1252 1517 1355 ξὲζοξο

352 1362 434 1427 viris
457 1364 570 1428 electis
582 1390 590 1445 ;
613 1364 802 1449 mansitque
824 1363 874 1429 ibi
909 1386 968 1450 per
990 1386 1135 1431 mensem
1158 1365 1325 1450 integrum
1360 1366 1403 1431 ad
1417 1370 1494 1421 Aere.
1585 1344 1594 1359 ⁸

352 1464 600 1531 refocillandum
633 1465 784 1531 homines
807 1472 842 1531 et
870 1487 980 1552 equos,
1003 1472 1037 1531 et
1060 1471 1100 1532 ut
1122 1466 1257 1532 interim
1279 1475 1404 1533 secreta

353 1572 450 1633 terrae
495 1575 712 1654 cognosceret.
758 1570 837 1634 Post
883 1592 1029 1635 mensem
1070 1592 1147 1635 vero
1188 1576 1404 1657 perrexerunt

351 1690 425 1732 cum
449 1692 488 1735 eo
522 1670 706 1737 Christiani
740 1672 839 1736 multi
874 1674 968 1757 quasi
992 1672 1048 1755 vij.
1084 1672 1174 1737 mille
1198 1678 1232 1737 ct
1264 1671 1493 1757 profectiS0¹1¹⁰

350 1776 429 1835 sunt
445 1771 539 1856 quasi
554 1772 678 1858 viginti
693 1773 795 1839 leucis
809 1772 853 1836 ab
867 1774 963 1849 Aera,
979 1778 1201 1859 ceperuntque
1221 1771 1402 1851 Nazareth,
1415 1740 1550 1868 mim

350 1881 385 1936 et
414 1894 496 1956 quoa
528 1874 727 1939 invenerant
756 1886 977 1960 peremerunt.
1025 1875 1066 1939 In
1088 1875 1255 1939 redeundo
1289 1880 1402 1939 autem

350 1974 438 2058 apud
470 1975 590 2041 Acrem
623 1976 849 2060 sequebantur
880 1998 936 2041 eos
967 1976 1077 2040 hostes
1099 1976 1128 2041 si
1161 1974 1324 2060 quomodo
1359 1998 1402 2039 ex

350 2076 396 2139 eis
419 2076 564 2142 occidere
586 2083 721 2162 possent
743 2077 780 2143 in
802 2077 873 2142 loco
896 2077 1011 2141 stricto
1034 2076 1088 2143 val
1119 2076 1289 2154 convalle;
1312 2076 1401 2162 quod

349 2176 400 2240 illi
423 2176 574 2243 videntes
605 2178 821 2243 deverterunt
853 2178 952 2243 facies
984 2198 1059 2242 suas
1094 2178 1210 2243 statim
1242 2183 1275 2243 et
1310 2178 1401 2242 caesis
1445 2182 1452 2197 ‘

349 2277 517 2363 aliquibus
561 2286 696 2345 caeteros
741 2279 778 2343 in
815 2279 928 2365 fugam
967 2284 1212 2345 converterunt.
1274 2279 1400 2344 Iterato

349 2378 434 2443 circa
457 2380 579 2443 festum
601 2380 795 2446 nativitatis
818 2380 925 2445 sancti
948 2379 1113 2445 Johannis
1136 2378 1300 2465 Baptistae
1324 2402 1399 2445 cum
1414 2382 1514 2459 Anum-

350 2482 496 2546 audisset
518 2481 702 2545 Edwardus
732 2482 923 2549 convenisse
946 2481 1142 2547 Sarracenos
1165 2480 1255 2566 apud
1288 2450 1570 2578 Kerke-ffifflffss'tut'he

349 2582 467 2648 howc⁴
481 2583 569 2667 quod
592 2582 696 2648 distat
717 2584 760 2647 ab
775 2584 862 2647 Aera
877 2583 975 2667 quasi
998 2583 1042 2647 xl.
1077 2583 1270 2660 miliaribus,
1294 2583 1401 2649 exivit
1415 2582 1543 2631 Samene.

349 2684 473 2748 ibidem
496 2689 531 2749 et
551 2684 681 2749 irruens
703 2684 740 2747 in
763 2705 819 2749 eos
840 2705 972 2749 summo
996 2683 1140 2748 diluculo
1174 2684 1335 2769 percussit
1358 2706 1401 2748 ex

350 2787 396 2851 eis
419 2787 513 2870 quasi
536 2785 626 2851 mille
648 2786 738 2851 viros
759 2786 888 2852 caeteris
912 2786 947 2850 in
970 2784 1084 2870 sugam
1106 2784 1250 2851 velocem
1267 2807 1400 2851 conver-

347 2890 401 2965 sis,
435 2888 650 2974 tuleruntque
673 2887 778 2973 spolia
809 2886 917 2952 multa
949 2892 982 2953 et
1014 2888 1152 2973 profecti
1185 2893 1265 2953 sunt
1296 2909 1401 2972 usque

347 2995 491 3055 castrum
537 2990 785 3076 peregrinorum
830 2990 920 3074 quod
966 3010 1067 3075 supra
1119 3010 1209 3053 marc
1247 2990 1401 3067 situatur,

348 3096 518 3157 manentes
540 3092 664 3155 ibidem
687 3112 761 3156 cum
785 3091 912 3156 caeteris
936 3089 1136 3156 Christianis
1159 3096 1255 3156 nocte
1278 3090 1343 3167 illa,
1367 3096 1402 3157 ct
1414 3099 1467 3149 The
1479 3098 1543 3163 ring

347 3193 556 3278 insequenti
587 3192 641 3258 die
664 3194 787 3257 reversi
811 3199 890 3258 sunt
921 3192 964 3256 ad
987 3192 1118 3258 Acram.
1167 3192 1306 3257 Interim
1339 3216 1400 3259 rex
1413 3164 1525 3281 {iffi

348 3295 643 3379 ierosolymitanus
666 3296 723 3379 qui
761 3294 945 3360 advenerat
967 3296 1058 3359 misit
1090 3294 1131 3359 ad
1156 3300 1327 3381 magnates
1359 3296 1400 3359 dc
1413 3296 1540 3347 senator

348 3396 481 3483 Cypro*⁵
496 3401 536 3461 ut
558 3396 593 3460 in
617 3396 778 3460 auxilium
802 3395 1067 3461 Christianorum
1091 3417 1165 3460 cum
1187 3395 1401 3461 festinatione
1412 3362 1521 3493 iim,

346 3498 519 3563 venirent:
541 3503 577 3563 at
608 3497 658 3561 illi
690 3497 804 3562 venire
836 3497 1022 3571 noluerunt,
1058 3496 1212 3575 dicentes,
1243 3520 1276 3563 se
1311 3497 1399 3563 nolle

346 3606 466 3665 terram
501 3621 595 3664 snam
618 3600 717 3665 exire.
764 3599 922 3683 Misitque
954 3603 1035 3665 tunc
1058 3599 1100 3663 ad
1123 3622 1177 3665 eos
1212 3599 1398 3665 Edwardus
1412 3606 1540 3685 Itispent

345 3708 386 3768 nt
417 3703 461 3767 ad
495 3706 649 3788 rogatum
681 3701 786 3786 ipsius
808 3702 970 3777 venirent,
993 3700 1110 3766 saltem
1134 3702 1169 3765 in
1199 3701 1261 3767 hac
1297 3680 1543 3789 purtefssdffiis

344 3804 393 3869 At
414 3803 463 3866 illi
480 3802 645 3867 continuo⁴
659 3802 842 3867 veniebant
856 3822 931 3866 cum
954 3822 1076 3887 magna
1089 3802 1220 3879 militia,
1243 3800 1399 3880 dicentes,
1411 3814 1520 3871 requae.

344 3926 380 3971 ee
402 3904 508 3969 teneri
531 3903 696 3967 mandatis
718 3903 831 3988 ipsius,
854 3924 915 3988 pro
938 3924 976 3967 eo
999 3903 1088 3988 quod
1103 3908 1324 3969 antecessores
1347 3905 1399 3968 sui

344 4005 604 4070 dominabantur
625 4003 705 4068 olim
729 4008 828 4068 terrae
850 4003 994 4081 illorum,
1017 4010 1051 4070 et
1066 4026 1100 4068 se
1122 4003 1242 4069 debere
1265 4003 1399 4088 regibus

344 4108 530 4193 Anglorum
552 4128 683 4192 semper
705 4127 775 4171 esse
797 4104 920 4170 fideles.
966 4104 1182 4189 Animatiquc
1215 4104 1398 4171 Christiani

345 4211 445 4276 tertio
468 4210 624 4275 exierunt
645 4209 732 4274 circa
754 4208 797 4273 ad
820 4206 956 4273 vincula
978 4208 1084 4273 sancti
1108 4206 1198 4273 Petri
1221 4228 1324 4293 usque
1354 4209 1398 4273 sd
1433 4194 1442 4217 ⁹

378 4415 387 4448 ¹
404 4415 460 4465 The
479 4414 502 4466 C
520 4412 543 4463 ie
562 4429 578 4463 a
594 4414 713 4463 coloured
730 4412 806 4462 letter
816 4410 843 4461 in
927 4410 938 4444 ⁸
954 4411 984 4477 a]
1000 4408 1067 4460 from
1081 4410 1129 4469 A.;
1149 4425 1199 4459 orn.
1213 4410 1268 4460 MS.

344 4494 408 4546 both
420 4494 505 4553 MSS„
514 4493 561 4542 but
580 4493 651 4543 there
668 4491 692 4541 is
703 4507 737 4542 no
749 4490 806 4558 sign
818 4492 849 4541 of
932 4490 999 4539 ⁴i.c.
1024 4488 1137 4549 Cachon,
1159 4487 1241 4537 which
1269 4488 1291 4539 is
1320 4490 1399 4541 round

344 4588 427 4623 enarr
437 4571 550 4636 chapter.
895 4568 995 4618 written
1009 4567 1118 4630 Quoquo
1130 4565 1281 4621 sometimes.

377 4650 389 4685 ²
403 4650 473 4701 Here
483 4665 518 4701 on
535 4649 597 4699 both
610 4646 755 4713 marginsis
769 4648 845 4710 Quod
930 4677 940 4688 -
960 4646 1053 4712 Giprc,
1064 4644 1141 4697 MSS.

336 4731 408 4796 jacit
428 4728 580 4780 Edwcrdus
607 4726 680 4793 apud
704 4729 799 4779 Acran
821 4735 846 4779 et

344 4806 462 4877 quomodo
481 4805 629 4861 cumam
646 4812 685 4859 ert
702 4807 747 4863 iti.
