3625 5784
632 877 904 930 iurcmmsusrs
926 879 1139 932 canorucou.
1373 868 1415 931 89

362 1087 480 1131 narum
514 1070 549 1131 et
581 1063 759 1131 veritatem
791 1065 942 1130 essentia
976 1065 1019 1130 ad
1056 1063 1193 1151 plenum
1230 1064 1417 1152 intelligere
1431 1072 1579 1149 Anadver·

362 1168 587 1247 meditaretur‚
610 1168 699 1232 vidit
721 1168 886 1254 quendam
911 1188 1051 1254 puerum
1073 1188 1149 1232 cum
1174 1167 1305 1233 cocliari
1333 1167 1416 1230 hau·
1432 1137 1581 1254 qqrqhqfhs

362 1269 502 1334 rientem
536 1290 657 1354 aquam
691 1269 733 1333 de
767 1269 902 1346 Serena,
935 1274 970 1332 et
1007 1267 1147 1333 fundere
1179 1268 1215 1332 in
1249 1267 1416 1351 quendam
1433 1270 1556 1354 tamem

362 1370 533 1456 puteolum
545 1395 554 1450 3
591 1371 747 1455 quaesivit
793 1371 1000 1436 lanfrancus
1039 1371 1120 1455 quid
1157 1375 1288 1456 ageret:
1335 1391 1419 1456 puer
1430 1336 1474 1388 ¹¹¹⁰
1488 1335 1569 1388 Μ’

362 1470 541 1557 respondit,
565 1472 654 1557 quod
668 1477 775 1537 totam
799 1470 943 1536 fossam¹
964 1473 1161 1536 immitteret
1185 1471 1221 1536 in
1247 1471 1418 1536 fossrincu·

362 1573 438 1638 lam.
498 1573 598 1638 Dixit
630 1576 797 1660 magister,
833 1573 896 1639 hoc
934 1595 1106 1659 nunquam
1144 1571 1248 1659 puer²
1291 1573 1418 1638 valebis

363 1696 599 1740 consummare.
650 1675 835 1760 Respondit
858 1696 941 1761 puer
963 1675 1018 1752 sic,
1042 1675 1075 1738 N
1078 1696 1114 1741 ee
1147 1679 1186 1739 tu
1217 1675 1303 1739 illud
1326 1675 1417 1761 quod
1432 1689 1579 1740 termetis

363 1783 516 1842 versatur
537 1779 574 1841 in
597 1779 776 1844 cordetuo
803 1778 987 1863 cogitando.
1044 1778 1089 1842 Et
1120 1777 1234 1842 statim
1269 1778 1313 1843 ad
1346 1777 1418 1842 baec
1431 1755 1544 1886 ξζζᾯζ]

364 1900 447 1964 puer
477 1881 624 1945 evanuit.
680 1880 886 1945 Lanfrancus
909 1901 988 1944 vero
1023 1879 1137 1944 nolens
1167 1879 1310 1965 amplius
1344 1901 1417 1964 per-

364 1981 504 2045 scrutari
527 1981 735 2067 majestatem
766 2003 808 2046 ne
841 1981 1091 2067 opprimeretur,
1115 1980 1229 2044 statim
1257 1980 1418 2045 Beecense

363 2083 599 2146 monasterium
622 2083 765 2147 intravit
786 2084 823 2147 in
846 2083 1054 2148 Normannia
1077 2082 1139 2146 sub
1162 2082 1282 2147 abbate
1301 2081 1417 2146 Herle-
1431 2093 1579 2146 litteratus

363 2184 460 2248 wino.
507 2185 552 2249 Et
582 2185 742 2250 simulans
776 2207 810 2250 se
845 2186 941 2270 quasi
972 2207 1077 2271 pauca
1111 2189 1171 2249 aut
1203 2183 1295 2248 nulla
1326 2185 1416 2260 scire,
1431 2168 1578 2277 3033&

363 2307 421 2372 pro
445 2285 540 2351 fatuo
565 2288 660 2372 quasi
685 2293 719 2352 et
745 2287 888 2373 simplici
923 2286 1117 2352 habebatur.
1175 2285 1299 2350 Eodem
1334 2291 1417 2349 tem-
1431 2317 1572 2368 omem.

363 2409 440 2473 pore
473 2389 609 2474 quidam
640 2390 786 2454 famosus
821 2395 856 2454 et
878 2389 1093 2475 improvidus,
1117 2388 1336 2474 Berengarius
1359 2409 1416 2452 no·
1429 2384 1578 2500 gfffiffssnd

363 2491 462 2569 mine,
493 2491 551 2575 qui
583 2497 683 2556 antea
716 2497 871 2556 tenuerat
903 2492 1074 2577 opiniones
1106 2495 1220 2556 contra
1253 2490 1418 2555 ecclesias·
1449 2466 1470 2500 ¹⁵
1498 2466 1578 2516 Μ’

363 2593 464 2657 ticam
489 2593 683 2671 doctrinam,
710 2598 746 2658 et
769 2615 829 2679 per
855 2593 1078 2659 Lanfranoum
1108 2593 1229 2678 saepius
1255 2597 1418 2668 retunsus,

362 2715 402 2757 eo
440 2699 586 2780 tempore
624 2697 665 2760 de
699 2696 883 2761 Lanfranco
922 2717 982 2761 nec
1019 2696 1157 2760 audiens
1195 2715 1254 2758 nec
1292 2693 1417 2769 videns,

364 2796 604 2862 erediditeum
627 2798 800 2862 demedio
823 2798 1003 2863 sublatum.
1062 2797 1107 2862 Et
1131 2797 1177 2861 sic
1201 2815 1334 2860 securus
1359 2816 1418 2879 per

364 2901 507 2966 Galliam
531 2925 627 2967 suam
650 2903 801 2968 haeresim
825 2903 1012 2980 seminavit,
1029 2901 1163 2981 scilicet,
1187 2901 1275 2986 quod
1299 2922 1416 2966 verum

363 3024 483 3089 corpus
509 3003 636 3069 Christi
669 3027 737 3069 non
768 3006 838 3069 fuit
869 3027 967 3092 super
990 3005 1114 3084 altare3
1146 3009 1180 3068 et
1205 3003 1270 3066 fere
1294 3003 1418 3069 Nicho-
1432 3027 1456 3075 A
1469 3028 1569 3076 neuneu

362 3105 453 3168 laum
476 3127 596 3192 papam
620 3108 785 3194 corrupit;
808 3114 1026 3172 veruntamen
1050 3105 1186 3172 consilio
1211 3106 1418 3190 quorundam
1430 3091 1490 3168 heia

363 3205 543 3272 celebravit
580 3210 757 3274 concilium
789 3207 1001 3288 universale,3
1033 3216 1073 3274 ut
1118 3231 1232 3278 ornnes
1277 3207 1417 3297 praelati,
1430 3167 1530 3274 liiiim⁸2

363 3330 475 3374 omnes
500 3311 601 3375 etiem
631 3311 769 3377 abbates
803 3333 878 3377 cum
909 3312 991 3376 viris
1021 3311 1162 3378 literatis
1193 3311 1417 3390 convenirent,

363 3409 460 3474 utin
482 3410 594 3496 aliquo
617 3416 752 3498 possent
767 3413 966 3498 Berengario
989 3414 1152 3489 resistere,
1175 3420 1210 3480 et
1232 3414 1304 3500 ejus
1327 3433 1417 3479 error

362 3513 595 3577 universaliter
608 3514 845 3600 reprobaretur.
891 3515 1028 3580 Statuto
1043 3515 1097 3580 die
1119 3517 1221 3580 abbas
1237 3515 1416 3581 Lanfranci
1431 3529 1559 3581 hurane

361 3615 427 3680 ad⁴
457 3616 599 3681 eundem
632 3617 741 3682 locum
773 3639 808 3681 se
838 3619 1048 3702 praeparavit,
1083 3624 1118 3684 et
1148 3621 1281 3706 cognita
1320 3641 1417 3684 causa
1430 3597 1586 3715 {fflffi‘lo

361 3719 565 3784 Lanfrancus
598 3724 637 3784 ut
671 3740 747 3785 cum
773 3719 894 3785 abbate
919 3719 967 3785 ire
990 3725 1101 3805 posset
1124 3722 1316 3808 frequenter
1340 3744 1414 3808 pos·
1430 3731 1566 3808 tbecnun·

360 3821 493 3899 tulavit,
517 3827 552 3886 et·
573 3821 651 3887 licet
674 3828 834 3909 tanquam
856 3822 971 3886 fatuus
998 3829 1033 3888 et
1057 3824 1199 3909 simplex
1223 3825 1415 3910 frequenter
1429 3798 1470 3848 ⁰¹¹·

361 3931 446 3989 esset
476 3925 635 4011 repulsus,
670 3924 760 3988 dixit
791 3945 825 3987 ee
865 3947 934 3989 esse
966 3924 1084 3989 fortem
1119 3934 1159 3991 ut
1193 3927 1228 3990 in
1261 3948 1414 4013 pressura

359 4027 487 4094 consilii
522 4027 636 4091 abbati
670 4033 881 4103 succurreret,
914 4033 948 4092 et
982 4027 1097 4092 taliter
1137 4035 1175 4092 ut
1206 4050 1316 4094 secum
1350 4029 1415 4093 iret

393 4257 490 4309 ¹Both
504 4256 583 4308 MSS.
600 4256 659 4322 gire
671 4256 784 4320 sostenii
803 4257 859 4305 mit·
911 4257 975 4306 later
1003 4255 1073 4306 haud
1095 4256 1141 4305 has
1165 4259 1296 4308 corrected
1317 4257 1338 4306 it
1361 4257 1415 4308 into

359 4344 430 4388 teret.
474 4338 528 4388 But
549 4337 593 4386 the
615 4334 757 4386 correction
773 4333 800 4384 in
816 4334 860 4385 the
911 4350 984 4400 puer.

359 4423 415 4467 text
434 4429 517 4466 seems
533 4421 561 4464 to
571 4413 636 4463 have
647 4415 713 4463 been
730 4413 800 4463 what
810 4411 861 4464 ori-
943 4413 954 4446 ³
972 4411 1172 4464 Foraniversale
1179 4413 1235 4465 MS.
1243 4413 1290 4464 has
1299 4416 1413 4481 wrongly

359 4495 456 4559 ginally
472 4495 555 4552 stood,
565 4493 608 4542 the
628 4491 705 4543 imos
720 4492 861 4542 immitteret
912 4491 1090 4542 universaliter
1109 4490 1271 4555 reprobatur,
1290 4508 1319 4541 as
1344 4493 1414 4546 three

360 4574 436 4640 being
447 4575 521 4624 made
533 4573 566 4636 by
578 4573 622 4623 the
639 4571 739 4636 copyist
750 4574 805 4622 into
817 4571 861 4622 the
911 4571 977 4622 lines
988 4573 1077 4622 below.

358 4651 522 4703 termination
534 4651 562 4701 oi
573 4652 617 4702 the
628 4650 763 4716 preceding
772 4653 851 4700 word.
946 4650 956 4681 ⁴
973 4649 1017 4710 acl,
1028 4649 1132 4702 omitted
1143 4649 1170 4700 in
1183 4650 1216 4702 A.
1228 4651 1276 4702 but
1291 4652 1374 4704 added
1388 4654 1415 4705 in

391 4733 474 4782 ²'rhe
491 4733 561 4781 word
580 4731 602 4780 is
621 4731 720 4796 puerile
742 4731 770 4780 in
792 4731 861 4790 MS„
912 4727 1021 4794 margin.

359 4811 467 4862 andhas
478 4811 543 4862 been
555 4825 584 4860 so
602 4808 630 4860 in
642 4810 685 4868 A„
696 4809 744 4858 but
761 4809 861 4859 theras
