3625 5784
633 900 905 950 insereremus
928 900 1138 950 cnuonrcon.
1354 884 1418 953 287

294 1112 302 1117 ·
367 1089 531 1155 Eduardo
569 1089 640 1177 legi
676 1088 808 1175 Angliae
841 1088 933 1174 apud
970 1086 1103 1154 Novum
1135 1092 1279 1153 cestrum
1321 1108 1420 1175 snper

365 1192 459 1277 Tyne
481 1212 569 1257 anno
591 1192 708 1278 grntiae
730 1206 885 1255 nccxcn.
1433 1198 1501 1249 An).
1516 1201 1588 1249 1292.

199 1293 344 1375 (ῗῑῡῖῐθῦῦὶῠ,
413 1303 483 1358 Post
505 1301 618 1359 obitum
643 1302 722 1372 regie
753 1302 859 1358 Scotiae
883 1301 1043 1357 Alexandri
1066 1302 1129 1358 sine
1152 1302 1252 1360 liberis
1275 1302 1420 1360 deceden-

199 1363 354 1463 &¹⁰³⁹
369 1393 407 1448 tie
441 1396 522 1448 moto
554 1396 600 1447 eet
630 1392 828 1447 controversie
861 1391 927 1464 quie
965 1391 993 1447 ei
1030 1392 1196 1448 succederet
1228 1392 1260 1448 in
1296 1410 1420 1465 regnum

200 1452 343 1571 ssffis'ssn'
371 1483 488 1547 Scotino,
520 1486 552 1537 ut
582 1480 651 1553 quia
683 1480 772 1536 multi
801 1498 926 1551 regnum
950 1480 1023 1535 illud
1046 1482 1159 1537 rationo
1193 1482 1420 1556 propinquitatis

300 1556 324 1570 '⁰
369 1570 568 1636 vindicabant,
591 1587 646 1626 nec
668 1570 724 1625 hoc
746 1576 843 1643 posset
865 1559 950 1625 sine¹
974 1572 1129 1642 presentie
1152 1572 1285 1643 capitalis
1308 1572 1420 1627 domini

370 1663 456 1733 plene
479 1658 584 1725 decidi,
606 1663 757 1732 repertum
779 1664 824 1714 est
845 1677 897 1730 per
920 1658 1027 1731 scripte
1047 1661 1215 1717 authentica
1237 1668 1267 1717 et
1289 1660 1420 1733 entique,

371 1750 449 1823 quod
470 1768 521 1805 rex
542 1748 662 1821 Angliae
686 1748 726 1803 sit
748 1748 883 1821 capitulis
905 1748 1042 1803 dominus
1067 1750 1184 1816 Scotiee,
1208 1756 1239 1807 et
1262 1750 1365 1806 debeat
1389 1751 1422 1806 in

371 1839 424 1896 teli
455 1857 524 1895 casu
546 1856 739 1909 cognoscere3
763 1842 794 1894 et
815 1845 850 1893 ut
871 1838 927 1893 hoo
950 1839 1056 1893 future
1081 1844 1225 1895 constaret
1258 1840 1424 1913 posteritati

371 1928 442 1985 fecit
475 1946 525 1984 rex
548 1928 707 1983 Edwardue
730 1927 762 1982 in
784 1928 842 1983 isto
864 1945 941 1982 enno
965 1928 1062 1983 omniu
1094 1930 1270 1985 monasterie
1292 1930 1423 2001 Angliae,

373 2018 479 2074 Scotiae
510 2022 541 2073 et
563 2018 678 2074 Walliae
701 2017 877 2090 perscrutari
900 2017 939 2071 ad
962 2016 1170 2073 dinoscendum
1194 2020 1279 2091 quule
1306 2018 1356 2089 jus
1391 2019 1422 2074 in

370 2109 426 2163 hue
447 2112 530 2179 purte
553 2106 609 2162 eibi
631 2112 728 2178 posset
746 2111 920 2177 competere,
936 2111 966 2161 et
989 2112 1136 2179 repertum
1158 2112 1203 2162 est
1225 2110 1257 2163 in
1281 2108 1425 2164 chronicis

372 2196 499 2252 Mariani
523 2196 614 2262 Secti,
638 2195 781 2252 Wilielmi
804 2195 840 2250 de
862 2194 1057 2269 Melmisbyri,
1082 2196 1190 2269 Rogeri
1213 2197 1249 2253 de
1268 2197 1424 2271 Hordeyn,

372 2286 495 2342 Henrici
533 2286 569 2341 de
607 2284 816 2356 Euntingdon,
855 2284 972 2339 Radulii
1011 2283 1046 2339 de
1085 2286 1198 2354 Diaeto,
1234 2288 1311 2358 quod
1346 2306 1423 2343 anno

373 2376 484 2431 domini
517 2374 739 2445 nongentesimo
771 2374 883 2429 decimo
914 2390 964 2429 rex
988 2374 1147 2431 Edwardus
1179 2376 1275 2432 senior
1310 2376 1426 2447 subegit

373 2464 429 2520 sibi
462 2482 545 2535 reges
580 2465 735 2520 Scotorum
768 2467 799 2519 et
821 2462 1023 2518 Gumbrorum.
1083 2466 1159 2520 Item
1193 2465 1312 2530 ibidem,
1348 2466 1425 2536 quod

374 2572 452 2609 anno
484 2552 596 2609 domini
626 2568 771 2609 nccccm.
794 2550 944 2624 proedietae
967 2558 1070 2622 gentes
1092 2554 1246 2625 elegerunt
1278 2555 1333 2610 eibi
1367 2553 1424 2611 Ed-

373 2643 503 2699 uerdum
525 2642 699 2715 predictum
721 2642 753 2697 in
772 2641 924 2697 dominum
947 2646 977 2696 et
992 2648 1158 2714 patronum.
1204 2644 1282 2699 Item
1305 2642 1424 2710 ibidem,

374 2734 451 2805 quod
474 2750 551 2789 anno
575 2732 687 2787 domini
710 2745 872 2786 cccccxm.
896 2748 947 2785 rex
970 2730 1088 2802 Angliae
1110 2732 1287 2787 Adclstenus
1318 2732 1426 2788 devicit

373 2840 473 2893 regem
512 2820 618 2878 Scotiae
657 2820 894 2885 Constantinum,
932 2824 963 2875 et
1001 2810 1095 2877 item²
1132 2822 1186 2877 snb
1224 2840 1254 2877 se
1291 2821 1425 2893 permisit

335 2905 338 2910 ’
374 2930 505 2984 regnare.
550 2910 627 2966 Item
651 2910 783 2966 Edredue
809 2910 899 2963 frater
922 2908 1074 2965 Adelstnni
1100 2928 1151 2965 rex
1173 2910 1292 2981 Angliee
1316 2910 1425 2967 devicit

374 3003 476 3058 Scotos
490 3005 521 3056 et
535 2999 789 3072 Nortbymbrenoe
804 2997 855 3070 qni
877 3015 908 3052 se
931 2998 1127 3054 submiserunt
1148 2999 1185 3065 ei,
1202 3005 1233 3056 et
1254 2999 1425 3056 fidelitatem

371 3090 551 3163 juraverunt.
610 3091 685 3145 Item
722 3087 841 3153 ibidem,
874 3086 1007 3157 Edgerus
1044 3105 1093 3144 rex
1125 3088 1244 3161 Angliae
1279 3090 1427 3161 supererit

375 3179 538 3235 Kinadinm
569 3180 663 3235 filium
685 3168 833 3249 Alphini³
855 3193 954 3247 regem
988 3178 1150 3244 Scotorum,
1174 3179 1225 3250 qui
1254 3177 1367 3250 juravit
1398 3180 1426 3233 ei

375 3269 554 3325 fidelitatem.
600 3269 676 3324 Item
710 3266 831 3332 ibidem,
864 3282 914 3319 rex
945 3266 1065 3337 Anglioe
1098 3273 1129 3323 et
1162 3268 1262 3323 Dcciae
1294 3266 1426 3324 Oenutus

375 3377 453 3414 enno
475 3360 559 3430 regni
575 3358 622 3413 sui
644 3356 708 3427 xvj⁰
725 3354 891 3429 perdomnit
916 3354 1106 3412 Mulcolinum
1126 3375 1226 3428 regem
1250 3358 1422 3425 Scotorum

272 3434 277 3444 ’
375 3453 405 3505 et
426 3454 535 3504 extunc
556 3449 652 3503 fectus
673 3450 718 3501 eat
739 3464 790 3501 rex
813 3450 940 3517 quatuor
961 3462 1128 3517 regnorum,
1153 3447 1264 3503 seilicet
1295 3446 1425 3517 Angliae‚

377 3538 492 3607 Scotiae,
524 3538 634 3602 Dacius,
659 3539 689 3590 et
711 3535 876 3606 Norregiae.
924 3536 1001 3591 Item
1024 3535 1142 3602 ibidem,
1167 3542 1284 3592 conotus
1307 3536 1425 3593 Edwar-

375 3628 431 3683 dua
456 3626 539 3682 dedit
564 3642 689 3697 regnum
721 3624 829 3681 Scotiae
855 3622 1014 3681 Malcolino
1037 3624 1098 3681 fllio
1120 3625 1199 3697 regis
1232 3624 1426 3682 Oumbrorum

375 3716 412 3771 de
445 3734 476 3771 se
506 3715 675 3773 tenendum.
721 3714 798 3769 Item
820 3714 986 3770 Wilielmue
1009 3714 1133 3769 Bueturd
1163 3734 1239 3771 anno
1265 3716 1349 3787 regni
1381 3716 1427 3771 sui

375 3804 421 3876 vj⁰
443 3804 517 3861 vicit
548 3804 741 3860 Maloolinum
762 3820 863 3873 regem
887 3803 1004 3868 scotie,
1028 3814 1058 3858 et
1080 3803 1192 3876 occepit
1214 3804 1251 3859 eb
1274 3822 1308 3859 eo
1331 3822 1426 3860 sacra·

375 3900 509 3950 mentum
532 3891 690 3950 fidelitatis.
729 3892 806 3948 Item
829 3892 994 3948 Willelmus
1018 3892 1113 3948 Rufus
1136 3893 1232 3949 simile
1254 3892 1324 3949 fecit
1348 3894 1426 3966 quod

375 3989 459 4056 peter
481 4002 551 4039 suus
573 3985 681 4039 feceret
702 3998 772 4053 erge
794 3980 985 4037 Maleolinum
1008 3999 1107 4053 regem
1131 3982 1248 4049 Scotiae,
1272 3986 1303 4037 et
1325 3988 1427 4039 contre

376 4071 448 4128 duos
479 4072 554 4128 filice
587 4071 739 4127 Melcolini
770 4071 930 4127 successive
951 4076 1114 4140 regnantes.
1161 4071 1238 4126 Item
1261 4070 1428 4128 Alexander

375 4162 515 4218 succeseit
544 4162 629 4217 fratri
652 4177 704 4216 suo
726 4160 842 4230 Fidguro
866 4161 897 4216 in
920 4176 1045 4229 regnum
1069 4159 1186 4225 Scotim,
1218 4159 1254 4215 de
1285 4178 1426 4217 consensu

374 4251 453 4322 regie
487 4250 609 4306 Henrici
640 4250 736 4321 primi.
791 4249 869 4304 Item
891 4247 988 4305 David
1009 4266 1060 4303 rex
1084 4248 1190 4305 Scotim
1224 4248 1294 4303 fecit
1324 4250 1426 4305 home·

374 4340 458 4411 gium
495 4338 559 4411 regi
582 4339 737 4411 Stephano.
784 4338 861 4394 Item
883 4337 1047 4395 Willelmus
1070 4355 1121 4392 rex
1145 4338 1250 4393 Scotite
1273 4338 1343 4393 fecit
1372 4340 1426 4393 ho·

375 4429 506 4500 magium
540 4430 603 4499 regi
635 4427 763 4483 Henrieo
794 4427 882 4483 tertio
905 4425 967 4481 filio
1000 4426 1079 4497 regis
1102 4426 1224 4482 Henriei
1248 4426 1369 4482 secundi
1394 4426 1425 4483 in

376 4517 562 4574 coronatione
592 4536 654 4583 sue,
687 4522 717 4572 et
752 4516 859 4571 iterum
893 4515 1022 4571 Henrico
1044 4515 1122 4588 patri
1152 4532 1229 4571 enno
1260 4516 1345 4586 regni
1380 4514 1427 4571 sui

409 4754 502 4823 neo]
522 4757 627 4821 aesque,
637 4754 716 4821 mgr.
958 4752 969 4787 ⁸
986 4752 1090 4819 Alpini,
1102 4752 1179 4821 urge.

408 4834 419 4866 ἲ
436 4833 507 4899 item]
527 4832 627 4895 iterum,
638 4833 716 4899 Higd.
