3625 5784
417 901 481 967 392
767 918 914 970 sanarer
938 919 1119 970 auruncos

357 1181 363 1205 ‚
463 1109 538 1196 Ipse
572 1109 672 1176 ctiam
707 1109 891 1178 Edwarsius
924 1113 1012 1202 regis
1034 1112 1123 1178 filius
1155 1133 1215 1200 per
1247 1113 1362 1180 literas
1393 1135 1471 1179 suas

419 1217 569 1300 patentes
593 1213 719 1280 remisit
749 1214 915 1300 praedictis
946 1213 1124 1282 comitibus
1158 1229 1194 1281 et
1216 1217 1380 1281 universis
1401 1217 1470 1281 suis

416 1315 614 1400 sequacibus
637 1337 767 1382 omnem
783 1315 902 1382 malam
928 1317 1144 1384 voluntatem.
1192 1318 1237 1385 Et
1258 1319 1412 1405 promisit
1434 1319 1470 1383 in

417 1416 541 1482 eisdem
564 1415 670 1483 literis
693 1418 782 1504 quod
803 1423 933 1506 patrem
955 1441 1053 1484 suum
1076 1420 1248 1486 induceret
1270 1421 1376 1486 modis
1399 1443 1468 1486 om·

418 1518 517 1584 nibus
532 1519 576 1584 ad
591 1519 675 1585 illud
699 1519 786 1585 idem
809 1521 1004 1588 faciendum.
1050 1521 1174 1588 Omnes
1188 1521 1314 1588 etiam¹
1336 1521 1467 1588 consili·

418 1621 480 1686 arii
518 1621 604 1708 regis
642 1623 699 1708 qui
738 1622 860 1687 ibidem
899 1623 1038 1689 aderant
1075 1646 1135 1710 per
1170 1624 1331 1709 scriptum
1369 1646 1468 1689 suum

417 1743 517 1808 super
554 1722 616 1788 hoc
653 1724 839 1809 specialiter
875 1723 1060 1790 confectum
1097 1724 1182 1790 illud
1219 1725 1308 1791 idem
1345 1725 1466 1810 promi·

417 1831 541 1890 serunt.
587 1824 632 1890 Et
663 1824 768 1891 laetati
804 1831 883 1892 sunt
906 1827 1053 1891 universi
1076 1825 1113 1890 in
1148 1826 1202 1891 die
1233 1825 1296 1892 hac
1325 1826 1467 1891 unitatis

417 1931 452 1992 et
474 1927 572 2012 pacis
629 1927 710 1994 Erat
744 1929 832 1994 enim
867 1928 915 1994 ibi
939 1949 981 1993 ex
1014 1935 1109 2016 parte
1139 1930 1225 2018 regis
1251 1928 1466 2015 archiepisco·

417 2050 480 2115 pus
513 2028 771 2108 Cantuariensis,
809 2036 844 2096 et
878 2031 1045 2096 Henricus
1088 2032 1211 2097 electus
1244 2031 1467 2110 Eboracensis,

418 2129 561 2217 episcopi
600 2131 701 2198 etiam
749 2132 997 2211 Londoniensis,
1043 2131 1193 2210 Eliensis,
1241 2133 1463 2211 Batoniensis‚

417 2233 658 2300 coventrensis.
720 2234 866 2301 Comites
908 2236 1009 2301 etiam
1057 2233 1242 2314 cornubia,
1282 2235 1467 2314 Warennae,

417 2335 571 2402 Warwici
587 2342 622 2402 et
643 2336 790 2403 Oxoniae.
837 2337 982 2402 Berones
996 2337 1099 2403 ctiam
1113 2337 1284 2404 Johannea
1300 2338 1467 2425 Gyffarde‚

417 2437 581 2503 Henricus
604 2437 645 2503 de
676 2437 789 2523 Percy,
812 2438 1016 2526 Reginaldus
1039 2439 1080 2503 dc
1104 2439 1223 2526 Greye,
1245 2460 1321 2505 cum
1351 2439 1467 2504 multis

416 2538 491 2605 aliis
523 2539 647 2607 clericis
679 2545 714 2606 et
746 2540 845 2607 laicis.
893 2540 953 2604 Hii
990 2563 1103 2606 omnes
1141 2548 1176 2608 et
1212 2542 1336 2628 singuli
1369 2543 1467 2608 tectis

246 2645 291 2694 Au
416 2643 633 2710 sacrosanctis
672 2643 853 2730 evangeliis
892 2643 1095 2728 juraverunt
1139 2643 1182 2709 ad
1219 2645 1379 2730 majorem
1417 2645 1464 2708 rei

245 2711 355 2827 {husu
417 2745 638 2822 securitatem,
671 2746 758 2832 quod
792 2745 968 2832 praedictos
999 2747 1135 2812 comites
1165 2769 1241 2814 cum
1274 2746 1467 2832 sequacibus

247 2907 252 2920 .
417 2847 570 2914 omnibus
609 2852 724 2914 contra
761 2847 933 2913 dominum
978 2870 1088 2935 regem
1133 2869 1265 2914 servare
1308 2847 1468 2914 deberent

245 2925 363 3027 iffi?
416 2949 536 3016 illaesos
569 2956 603 3016 et
635 2949 837 3036 indempnes,
883 2949 1051 3016 Convenit
1073 2951 1174 3017 ctiam
1196 2954 1237 3015 ut
1266 2949 1303 3014 in
1324 2951 1468 3015 crastino

244 3045 354 3109 penalty.
415 3051 521 3118 sancti
555 3051 707 3118 Nicholai
742 3051 885 3138 episcopi
910 3057 1036 3118 certum
1059 3073 1157 3137 super
1188 3049 1250 3116 hoc
1281 3051 1468 3137 acciperent

415 3153 632 3241 responsum²
655 3154 791 3240 abipso
823 3175 907 3241 rege,
931 3151 1077 3218 subhac
1108 3152 1297 3220 conditione
1330 3152 1468 3239 adjecta,

415 3262 455 3321 ut
489 3257 516 3322 si
550 3279 609 3322 rex
644 3255 803 3343 praedicta
837 3257 960 3342 scripta
993 3255 1187 3344 consignata
1218 3255 1402 3321 remitteret
1432 3261 1468 3320 et

245 3359 295 3439 ,ΒΨ
304 3359 395 3410 ⁸h01¹¹d
414 3358 594 3425 ratificaret
629 3359 748 3434 omnia,
781 3361 905 3423 extunc
927 3356 971 3420 ad
993 3357 1188 3421 mandatum
1214 3357 1301 3442 regis
1334 3355 1388 3420 vel
1422 3357 1466 3421 ad

241 3425 353 3558 ffitiff
415 3483 524 3546 regem
548 3461 583 3524 in
607 3459 799 3524 Flandriam
824 3459 877 3524 vel
891 3464 1007 3524 contra
1029 3457 1140 3523 hostes
1163 3479 1240 3524 suos
1261 3459 1298 3522 in
1321 3458 1465 3524 Scotism

245 3557 377 3609 Flanoers.
414 3563 515 3627 iidem
560 3562 696 3627 comites
745 3561 1028 3648 proficiscerentur
1072 3559 1115 3625 ad
1154 3567 1278 3626 votum,
1354 3559 1465 3626 Missis

414 3665 520 3752 igitur
552 3665 682 3730 nunciis
720 3665 762 3728 ad
786 3665 894 3750 ipsum
918 3663 1088 3728 dominum
1123 3683 1233 3750 regem
1264 3663 1467 3748 scripserunt

414 3767 445 3832 ei
483 3765 649 3831 secretarii
687 3765 748 3842 sui,
786 3771 826 3830 ut
863 3765 891 3829 si
929 3763 1086 3830 honorem
1124 3785 1230 3841 suum,
1268 3769 1394 3830 statum
1431 3769 1466 3830 ct

414 3888 552 3956 regnum
575 3865 703 3932 salvare
726 3872 761 3933 et
784 3867 927 3932 retinere
949 3870 1156 3953 proponeret,
1174 3865 1334 3952 prsedicta
1356 3865 1467 3931 omnia

413 3971 598 4036 remitteret
634 3970 835 4058 consignata
893 3966 959 4047 Qui
986 3968 1118 4053 quidem
1151 3968 1186 4032 in
1220 3973 1312 4034 arcto
1338 3967 1465 4054 positus

413 4093 487 4138 cum
515 4071 586 4158 jam
609 4070 794 4137 haesitasset
816 4091 876 4156 per
898 4069 1057 4150 triduum,
1080 4068 1259 4135 novissime
1281 4074 1393 4134 tamen
1426 4074 1467 4134 ut

242 4179 372 4258 Tteking
412 4175 509 4241 corda
543 4195 676 4239 suorum
709 4171 868 4236 retineret
902 4171 990 4235 votis
1021 4191 1136 4236 eorum
1159 4169 1280 4234 annuit
1310 4170 1347 4234 in
1380 4191 1465 4256 prse-

242 4248 385 4365 ffiffl
411 4277 528 4353 missis,
559 4279 593 4340 et
616 4273 726 4338 omnia
749 4273 909 4338 concessit
932 4276 967 4335 et
988 4291 1047 4357 per
1069 4271 1217 4336 oniincm
1247 4271 1467 4340 confirmavit

241 4389 369 4496 ΨΜ
410 4377 478 4444 Pro
510 4377 571 4443 bac
603 4381 715 4442 autem
749 4373 997 4440 confirmatione
1019 4373 1211 4439 chartarum
1232 4372 1465 4459 praedictarum

314 4447 389 4566 ἓξὲξ,
409 4501 485 4548 cum
508 4479 577 4546 suis
606 4476 772 4564 adjunctis
796 4475 961 4562 praedictis
984 4475 1148 4542 dederunt
1169 4479 1342 4564 magnates
1368 4480 1466 4541 terrae

241 4462 264 4495 w
298 4453 309 4496 t

241 4513 305 4564 beon

445 4705 660 4758 'Herconboth
672 4703 818 4770 margionis
831 4701 908 4768 Mac·
995 4701 1167 4768 'temperem
1179 4701 1262 4753 added
1282 4699 1466 4767 hereagainin

410 4787 579 4852 mesjursat
598 4799 702 4835 souare
721 4798 836 4849 mousom
853 4797 911 4833 cor-
961 4783 1022 4833 Me.

410 4875 469 4918 tam.
