<?xml version="1.0" encoding="UTF-8"?>
<!DOCTYPE html PUBLIC "-//W3C//DTD XHTML 1.0 Transitional//EN"
    "http://www.w3.org/TR/xhtml1/DTD/xhtml1-transitional.dtd">
<html xmlns="http://www.w3.org/1999/xhtml" xml:lang="en" lang="en">
 <head>
  <title>
</title>
<meta http-equiv="Content-Type" content="text/html;charset=utf-8" />
  <meta name='ocr-system' content='tesseract 3.04.00' />
  <meta name='ocr-capabilities' content='ocr_page ocr_carea ocr_par ocr_line ocrx_word'/>
</head>
<body>
  <div class='ocr_page' id='page_1' title='image "./chroniconhenric00lumbgoog_0340.png"; bbox 0 0 3625 5784; ppageno 0'>
   <div class='ocr_carea' id='block_1_1' title="bbox 636 862 1406 930">
    <p class='ocr_par' dir='ltr' id='par_1_1' title="bbox 636 862 1406 930">
     <span class='ocr_line' id='line_1_1' title="bbox 636 862 1406 930; baseline 0.013 -11"><span class='ocrx_word' id='word_1_1' title='bbox 636 870 905 922; x_wconf 76' lang='lat' dir='ltr'><strong>crrcmmursrs</strong></span> <span class='ocrx_word' id='word_1_2' title='bbox 927 872 1126 924; x_wconf 77' lang='lat' dir='ltr'><strong>esnomoos</strong></span> <span class='ocrx_word' id='word_1_3' title='bbox 1339 862 1406 930; x_wconf 85' lang='grc'><strong>317</strong></span> 
     </span>
    </p>
   </div>
   <div class='ocr_carea' id='block_1_2' title="bbox 348 1059 1405 3718">
    <p class='ocr_par' dir='ltr' id='par_1_2' title="bbox 355 1059 1405 1676">
     <span class='ocr_line' id='line_1_2' title="bbox 358 1059 1405 1143; baseline 0.005 -23"><span class='ocrx_word' id='word_1_4' title='bbox 358 1064 378 1088; x_wconf 92' lang='lat'>“</span> <span class='ocrx_word' id='word_1_5' title='bbox 403 1070 564 1137; x_wconf 82' lang='lat' dir='ltr'><strong>perempto,</strong></span> <span class='ocrx_word' id='word_1_6' title='bbox 598 1084 650 1121; x_wconf 87' lang='lat' dir='ltr'><strong>rex</strong></span> <span class='ocrx_word' id='word_1_7' title='bbox 687 1066 854 1123; x_wconf 85' lang='lat' dir='ltr'><strong>Willelmus</strong></span> <span class='ocrx_word' id='word_1_8' title='bbox 890 1066 1048 1139; x_wconf 82' lang='lat' dir='ltr'><strong>praefatum</strong></span> <span class='ocrx_word' id='word_1_9' title='bbox 1079 1059 1316 1124; x_wconf 63' lang='lat' dir='ltr'><strong>Dunewssdum¹</strong></span> <span class='ocrx_word' id='word_1_10' title='bbox 1350 1068 1405 1143; x_wconf 87' lang='lat' dir='ltr'><strong>qui</strong></span> 
     </span>
     <span class='ocr_line' id='line_1_3' title="bbox 356 1152 1405 1226; baseline 0.008 -19"><span class='ocrx_word' id='word_1_11' title='bbox 356 1153 375 1179; x_wconf 79' lang='lat'><strong>‘⁸</strong></span> <span class='ocrx_word' id='word_1_12' title='bbox 400 1152 509 1209; x_wconf 78' lang='lat' dir='ltr'><strong>iterum</strong></span> <span class='ocrx_word' id='word_1_13' title='bbox 541 1173 667 1226; x_wconf 80' lang='lat' dir='ltr'><strong>regnum</strong></span> <span class='ocrx_word' id='word_1_14' title='bbox 702 1156 809 1211; x_wconf 76' lang='lat' dir='ltr'><strong>Scotiae</strong></span> <span class='ocrx_word' id='word_1_15' title='bbox 830 1156 979 1211; x_wconf 82' lang='lat' dir='ltr'><strong>invaserat</strong></span> <span class='ocrx_word' id='word_1_16' title='bbox 1012 1156 1049 1211; x_wconf 83' lang='lat' dir='ltr'><strong>ab</strong></span> <span class='ocrx_word' id='word_1_17' title='bbox 1081 1156 1183 1213; x_wconf 85' lang='lat' dir='ltr'><strong>eodem</strong></span> <span class='ocrx_word' id='word_1_18' title='bbox 1217 1158 1336 1225; x_wconf 80' lang='lat' dir='ltr'><strong>amovit,</strong></span> <span class='ocrx_word' id='word_1_19' title='bbox 1374 1164 1405 1215; x_wconf 88' lang='lat' dir='ltr'><strong>et</strong></span> 
     </span>
     <span class='ocr_line' id='line_1_4' title="bbox 356 1242 1403 1317; baseline 0.006 -19"><span class='ocrx_word' id='word_1_20' title='bbox 356 1242 376 1266; x_wconf 90' lang='lat'>“</span> <span class='ocrx_word' id='word_1_21' title='bbox 401 1242 550 1314; x_wconf 78' lang='lat' dir='ltr'><strong>Ildgarum</strong></span> <span class='ocrx_word' id='word_1_22' title='bbox 573 1244 668 1299; x_wconf 87' lang='lat' dir='ltr'><strong>filium</strong></span> <span class='ocrx_word' id='word_1_23' title='bbox 682 1244 832 1301; x_wconf 83' lang='lat' dir='ltr'><strong>Malcolmi</strong></span> <span class='ocrx_word' id='word_1_24' title='bbox 848 1244 921 1301; x_wconf 90' lang='lat' dir='ltr'><strong>dicti</strong></span> <span class='ocrx_word' id='word_1_25' title='bbox 943 1261 1043 1317; x_wconf 78' lang='lat' dir='ltr'><strong>regem</strong></span> <span class='ocrx_word' id='word_1_26' title='bbox 1068 1246 1174 1301; x_wconf 78' lang='lat' dir='ltr'><strong>Sootioe</strong></span> <span class='ocrx_word' id='word_1_27' title='bbox 1196 1248 1350 1303; x_wconf 87' lang='lat' dir='ltr'><strong>constituit</strong></span> <span class='ocrx_word' id='word_1_28' title='bbox 1372 1254 1403 1304; x_wconf 84' lang='lat' dir='ltr'><strong>ct</strong></span> 
     </span>
     <span class='ocr_line' id='line_1_5' title="bbox 356 1321 1404 1404; baseline 0.007 -18"><span class='ocrx_word' id='word_1_29' title='bbox 356 1330 374 1355; x_wconf 92' lang='lat'>“</span> <span class='ocrx_word' id='word_1_30' title='bbox 399 1331 496 1387; x_wconf 86' lang='lat' dir='ltr'><strong>cidem</strong></span> <span class='ocrx_word' id='word_1_31' title='bbox 517 1321 621 1389; x_wconf 73' lang='lat' dir='ltr'><strong>idem²</strong></span> <span class='ocrx_word' id='word_1_32' title='bbox 642 1351 767 1404; x_wconf 76' lang='lat' dir='ltr'><strong>regnum</strong></span> <span class='ocrx_word' id='word_1_33' title='bbox 799 1334 926 1390; x_wconf 83' lang='lat' dir='ltr'><strong>donarit.</strong></span> <span class='ocrx_word' id='word_1_34' title='bbox 973 1333 1029 1389; x_wconf 76' lang='lat' dir='ltr'><strong>Oui</strong></span> <span class='ocrx_word' id='word_1_35' title='bbox 1062 1335 1202 1391; x_wconf 84' lang='lat' dir='ltr'><strong>successit</strong></span> <span class='ocrx_word' id='word_1_36' title='bbox 1238 1335 1404 1393; x_wconf 73' lang='lat' dir='ltr'><strong>Alexander</strong></span> 
     </span>
     <span class='ocr_line' id='line_1_6' title="bbox 355 1412 1401 1498; baseline 0.006 -22"><span class='ocrx_word' id='word_1_37' title='bbox 355 1420 374 1444; x_wconf 78' lang='lat'><strong>‘⁸</strong></span> <span class='ocrx_word' id='word_1_38' title='bbox 398 1420 490 1477; x_wconf 84' lang='lat' dir='ltr'><strong>frater</strong></span> <span class='ocrx_word' id='word_1_39' title='bbox 510 1412 628 1477; x_wconf 82' lang='lat' dir='ltr'><strong>eidem³</strong></span> <span class='ocrx_word' id='word_1_40' title='bbox 642 1422 759 1493; x_wconf 81' lang='lat' dir='ltr'><strong>Edgaro</strong></span> <span class='ocrx_word' id='word_1_41' title='bbox 777 1439 918 1478; x_wconf 86' lang='lat' dir='ltr'><strong>consensu</strong></span> <span class='ocrx_word' id='word_1_42' title='bbox 941 1423 1020 1494; x_wconf 79' lang='lat' dir='ltr'><strong>rogis</strong></span> <span class='ocrx_word' id='word_1_43' title='bbox 1033 1422 1152 1494; x_wconf 81' lang='lat' dir='ltr'><strong>Anglioe</strong></span> <span class='ocrx_word' id='word_1_44' title='bbox 1168 1424 1290 1481; x_wconf 87' lang='lat' dir='ltr'><strong>chrici</strong></span> <span class='ocrx_word' id='word_1_45' title='bbox 1305 1426 1401 1498; x_wconf 91' lang='lat' dir='ltr'><strong>primi.</strong></span> 
     </span>
     <span class='ocr_line' id='line_1_7' title="bbox 355 1501 1402 1584; baseline 0.006 -19"><span class='ocrx_word' id='word_1_46' title='bbox 355 1509 375 1533; x_wconf 72' lang='lat'><strong>‘⁴</strong></span> <span class='ocrx_word' id='word_1_47' title='bbox 401 1501 499 1566; x_wconf 73' lang='lat' dir='ltr'><strong>Item⁴</strong></span> <span class='ocrx_word' id='word_1_48' title='bbox 521 1510 639 1566; x_wconf 86' lang='lat' dir='ltr'><strong>Matildl</strong></span> <span class='ocrx_word' id='word_1_49' title='bbox 655 1511 834 1584; x_wconf 70' lang='lat' dir='ltr'><strong>imperatrici</strong></span> <span class='ocrx_word' id='word_1_50' title='bbox 848 1512 917 1567; x_wconf 71' lang='lat' dir='ltr'><strong>filias</strong></span> <span class='ocrx_word' id='word_1_51' title='bbox 933 1517 963 1567; x_wconf 87' lang='lat' dir='ltr'><strong>et</strong></span> <span class='ocrx_word' id='word_1_52' title='bbox 985 1511 1095 1567; x_wconf 71' lang='lat' dir='ltr'><strong>haeredi</strong></span> <span class='ocrx_word' id='word_1_53' title='bbox 1117 1512 1190 1568; x_wconf 88' lang='lat' dir='ltr'><strong>dicti</strong></span> <span class='ocrx_word' id='word_1_54' title='bbox 1212 1514 1334 1570; x_wconf 85' lang='lat' dir='ltr'><strong>Henrici</strong></span> <span class='ocrx_word' id='word_1_55' title='bbox 1352 1532 1402 1571; x_wconf 84' lang='lat' dir='ltr'><strong>rex</strong></span> 
     </span>
     <span class='ocr_line' id='line_1_8' title="bbox 356 1598 1402 1676; baseline 0.006 -21"><span class='ocrx_word' id='word_1_56' title='bbox 356 1598 376 1621; x_wconf 82' lang='lat'><strong>‘⁶</strong></span> <span class='ocrx_word' id='word_1_57' title='bbox 401 1598 507 1655; x_wconf 79' lang='lat' dir='ltr'><strong>Scotioe</strong></span> <span class='ocrx_word' id='word_1_58' title='bbox 541 1599 638 1655; x_wconf 84' lang='lat' dir='ltr'><strong>David</strong></span> <span class='ocrx_word' id='word_1_59' title='bbox 666 1601 736 1656; x_wconf 82' lang='lat' dir='ltr'><strong>lecit</strong></span> <span class='ocrx_word' id='word_1_60' title='bbox 761 1601 932 1671; x_wconf 72' lang='lat' dir='ltr'><strong>homagium</strong></span> <span class='ocrx_word' id='word_1_61' title='bbox 954 1606 984 1656; x_wconf 86' lang='lat' dir='ltr'><strong>et</strong></span> <span class='ocrx_word' id='word_1_62' title='bbox 1006 1600 1184 1657; x_wconf 88' lang='lat' dir='ltr'><strong>fidelitatem.</strong></span> <span class='ocrx_word' id='word_1_63' title='bbox 1230 1604 1307 1659; x_wconf 88' lang='lat' dir='ltr'><strong>Item</strong></span> <span class='ocrx_word' id='word_1_64' title='bbox 1337 1604 1402 1676; x_wconf 78' lang='lat' dir='ltr'><strong>regi</strong></span> 
     </span>
    </p>

    <p class='ocr_par' dir='ltr' id='par_1_3' title="bbox 348 1688 1401 3718">
     <span class='ocr_line' id='line_1_9' title="bbox 396 1688 1400 1763; baseline 0.006 -20"><span class='ocrx_word' id='word_1_65' title='bbox 396 1688 517 1759; x_wconf 74' lang='lat' dir='ltr'><strong>Anglias</strong></span> <span class='ocrx_word' id='word_1_66' title='bbox 540 1689 698 1762; x_wconf 81' lang='lat' dir='ltr'><strong>Stephano,</strong></span> <span class='ocrx_word' id='word_1_67' title='bbox 722 1690 869 1745; x_wconf 85' lang='lat' dir='ltr'><strong>chricns</strong></span> <span class='ocrx_word' id='word_1_68' title='bbox 890 1688 981 1745; x_wconf 87' lang='lat' dir='ltr'><strong>fiilius</strong></span> <span class='ocrx_word' id='word_1_69' title='bbox 1004 1689 1077 1745; x_wconf 88' lang='lat' dir='ltr'><strong>dicti</strong></span> <span class='ocrx_word' id='word_1_70' title='bbox 1110 1690 1205 1746; x_wconf 85' lang='lat' dir='ltr'><strong>David</strong></span> <span class='ocrx_word' id='word_1_71' title='bbox 1231 1691 1400 1763; x_wconf 80' lang='lat' dir='ltr'><strong>homagium</strong></span> 
     </span>
     <span class='ocr_line' id='line_1_10' title="bbox 356 1770 1401 1851; baseline 0.006 -20"><span class='ocrx_word' id='word_1_72' title='bbox 356 1775 376 1803; x_wconf 87' lang='lat'><strong>“</strong></span> <span class='ocrx_word' id='word_1_73' title='bbox 399 1776 477 1833; x_wconf 76' lang='lat' dir='ltr'><strong>fecit</strong></span> <span class='ocrx_word' id='word_1_74' title='bbox 534 1778 611 1834; x_wconf 83' lang='lat' dir='ltr'><strong>Item</strong></span> <span class='ocrx_word' id='word_1_75' title='bbox 643 1778 809 1834; x_wconf 86' lang='lat' dir='ltr'><strong>Willelmus</strong></span> <span class='ocrx_word' id='word_1_76' title='bbox 839 1796 889 1835; x_wconf 82' lang='lat' dir='ltr'><strong>rex</strong></span> <span class='ocrx_word' id='word_1_77' title='bbox 925 1770 1054 1835; x_wconf 80' lang='lat' dir='ltr'><strong>Scotiae⁵</strong></span> <span class='ocrx_word' id='word_1_78' title='bbox 1085 1796 1138 1849; x_wconf 88' lang='lat' dir='ltr'><strong>pro</strong></span> <span class='ocrx_word' id='word_1_79' title='bbox 1171 1798 1261 1851; x_wconf 82' lang='lat' dir='ltr'><strong>regno</strong></span> <span class='ocrx_word' id='word_1_80' title='bbox 1296 1781 1401 1837; x_wconf 82' lang='lat' dir='ltr'><strong>Scotiae</strong></span> 
     </span>
     <span class='ocr_line' id='line_1_11' title="bbox 355 1856 1400 1941; baseline 0.005 -20"><span class='ocrx_word' id='word_1_81' title='bbox 355 1866 375 1889; x_wconf 82' lang='lat'><strong>‘⁸</strong></span> <span class='ocrx_word' id='word_1_82' title='bbox 398 1870 429 1921; x_wconf 86' lang='lat' dir='ltr'><strong>et</strong></span> <span class='ocrx_word' id='word_1_83' title='bbox 443 1865 539 1922; x_wconf 82' lang='lat' dir='ltr'><strong>David</strong></span> <span class='ocrx_word' id='word_1_84' title='bbox 560 1867 652 1922; x_wconf 77' lang='lat' dir='ltr'><strong>frater</strong></span> <span class='ocrx_word' id='word_1_85' title='bbox 667 1866 741 1938; x_wconf 83' lang='lat' dir='ltr'><strong>ejus,</strong></span> <span class='ocrx_word' id='word_1_86' title='bbox 766 1856 846 1935; x_wconf 60' lang='grc' dir='ltr'><strong>[οι]θ</strong></span> <span class='ocrx_word' id='word_1_87' title='bbox 861 1867 983 1923; x_wconf 84' lang='lat' dir='ltr'><strong>comites</strong></span> <span class='ocrx_word' id='word_1_88' title='bbox 1005 1872 1035 1923; x_wconf 87' lang='lat' dir='ltr'><strong>et</strong></span> <span class='ocrx_word' id='word_1_89' title='bbox 1057 1868 1178 1923; x_wconf 84' lang='lat' dir='ltr'><strong>barones</strong></span> <span class='ocrx_word' id='word_1_90' title='bbox 1192 1868 1276 1941; x_wconf 81' lang='lat' dir='ltr'><strong>regni</strong></span> <span class='ocrx_word' id='word_1_91' title='bbox 1293 1870 1400 1926; x_wconf 82' lang='lat' dir='ltr'><strong>Scotiss</strong></span> 
     </span>
     <span class='ocr_line' id='line_1_12' title="bbox 356 1953 1399 2029; baseline 0.005 -19"><span class='ocrx_word' id='word_1_92' title='bbox 356 1953 577 2011; x_wconf 82' lang='lat' dir='ltr'><strong>“devenerunt</strong></span> <span class='ocrx_word' id='word_1_93' title='bbox 612 1957 746 2011; x_wconf 85' lang='lat' dir='ltr'><strong>homines</strong></span> <span class='ocrx_word' id='word_1_94' title='bbox 783 1956 850 2027; x_wconf 77' lang='lat' dir='ltr'><strong>ligii</strong></span> <span class='ocrx_word' id='word_1_95' title='bbox 890 1956 1014 2012; x_wconf 84' lang='lat' dir='ltr'><strong>Henrici</strong></span> <span class='ocrx_word' id='word_1_96' title='bbox 1059 1956 1115 2011; x_wconf 86' lang='lat' dir='ltr'><strong>filii</strong></span> <span class='ocrx_word' id='word_1_97' title='bbox 1158 1957 1236 2029; x_wconf 82' lang='lat' dir='ltr'><strong>regis</strong></span> <span class='ocrx_word' id='word_1_98' title='bbox 1280 1958 1399 2029; x_wconf 79' lang='lat' dir='ltr'><strong>Anglioe</strong></span> 
     </span>
     <span class='ocr_line' id='line_1_13' title="bbox 355 2042 1399 2119; baseline 0.003 -20"><span class='ocrx_word' id='word_1_99' title='bbox 355 2042 373 2067; x_wconf 88' lang='lat'><strong>“</strong></span> <span class='ocrx_word' id='word_1_100' title='bbox 397 2043 521 2100; x_wconf 88' lang='lat' dir='ltr'><strong>Hanrici</strong></span> <span class='ocrx_word' id='word_1_101' title='bbox 554 2045 676 2100; x_wconf 86' lang='lat' dir='ltr'><strong>secundi</strong></span> <span class='ocrx_word' id='word_1_102' title='bbox 710 2045 756 2115; x_wconf 92' lang='lat' dir='ltr'><strong>[in</strong></span> <span class='ocrx_word' id='word_1_103' title='bbox 790 2044 918 2101; x_wconf 88' lang='lat' dir='ltr'><strong>crastino</strong></span> <span class='ocrx_word' id='word_1_104' title='bbox 944 2045 1141 2101; x_wconf 70' lang='lat' dir='ltr'><strong>coronationis</strong></span> <span class='ocrx_word' id='word_1_105' title='bbox 1163 2047 1296 2119; x_wconf 72' lang='lat' dir='ltr'><strong>predicti</strong></span> <span class='ocrx_word' id='word_1_106' title='bbox 1319 2048 1399 2104; x_wconf 84' lang='lat' dir='ltr'><strong>Han-</strong></span> 
     </span>
     <span class='ocr_line' id='line_1_14' title="bbox 354 2124 1400 2207; baseline 0.006 -20"><span class='ocrx_word' id='word_1_107' title='bbox 354 2132 373 2157; x_wconf 92' lang='lat'>“</span> <span class='ocrx_word' id='word_1_108' title='bbox 396 2132 452 2189; x_wconf 89' lang='lat' dir='ltr'><strong>rici</strong></span> <span class='ocrx_word' id='word_1_109' title='bbox 475 2124 637 2203; x_wconf 56' lang='lat' dir='ltr'><strong>secundm</strong></span> <span class='ocrx_word' id='word_1_110' title='bbox 657 2140 740 2207; x_wconf 87' lang='lat' dir='ltr'><strong>patre</strong></span> <span class='ocrx_word' id='word_1_111' title='bbox 765 2134 894 2200; x_wconf 78' lang='lat' dir='ltr'><strong>vivente,</strong></span> <span class='ocrx_word' id='word_1_112' title='bbox 920 2139 950 2190; x_wconf 89' lang='lat' dir='ltr'><strong>et</strong></span> <span class='ocrx_word' id='word_1_113' title='bbox 976 2134 1147 2190; x_wconf 84' lang='lat' dir='ltr'><strong>fidelitatem</strong></span> <span class='ocrx_word' id='word_1_114' title='bbox 1178 2136 1206 2191; x_wconf 87' lang='lat' dir='ltr'><strong>ei</strong></span> <span class='ocrx_word' id='word_1_115' title='bbox 1226 2134 1400 2206; x_wconf 79' lang='lat' dir='ltr'><strong>jnraverunt</strong></span> 
     </span>
     <span class='ocr_line' id='line_1_15' title="bbox 354 2220 1398 2295; baseline 0.005 -18"><span class='ocrx_word' id='word_1_116' title='bbox 354 2220 373 2244; x_wconf 87' lang='lat'><strong>“</strong></span> <span class='ocrx_word' id='word_1_117' title='bbox 398 2228 499 2278; x_wconf 79' lang='lat' dir='ltr'><strong>contra</strong></span> <span class='ocrx_word' id='word_1_118' title='bbox 514 2241 615 2279; x_wconf 89' lang='lat' dir='ltr'><strong>omues</strong></span> <span class='ocrx_word' id='word_1_119' title='bbox 637 2222 781 2289; x_wconf 88' lang='lat' dir='ltr'><strong>homines,</strong></span> <span class='ocrx_word' id='word_1_120' title='bbox 797 2224 878 2279; x_wconf 78' lang='lat' dir='ltr'><strong>salva</strong></span> <span class='ocrx_word' id='word_1_121' title='bbox 899 2223 1041 2278; x_wconf 83' lang='lat' dir='ltr'><strong>fidelitate</strong></span> <span class='ocrx_word' id='word_1_122' title='bbox 1063 2223 1162 2279; x_wconf 88' lang='lat' dir='ltr'><strong>debita</strong></span> <span class='ocrx_word' id='word_1_123' title='bbox 1184 2226 1262 2295; x_wconf 90' lang='lat' dir='ltr'><strong>patri</strong></span> <span class='ocrx_word' id='word_1_124' title='bbox 1277 2224 1398 2282; x_wconf 85' lang='lat' dir='ltr'><strong>viventi.</strong></span> 
     </span>
     <span class='ocr_line' id='line_1_16' title="bbox 355 2302 1399 2383; baseline 0.005 -17"><span class='ocrx_word' id='word_1_125' title='bbox 355 2311 374 2333; x_wconf 92' lang='grc'>“</span> <span class='ocrx_word' id='word_1_126' title='bbox 397 2311 486 2367; x_wconf 81' lang='lat' dir='ltr'><strong>Anno</strong></span> <span class='ocrx_word' id='word_1_127' title='bbox 508 2302 593 2383; x_wconf 83' lang='lat' dir='ltr'><strong>xrj⁰⁷</strong></span> <span class='ocrx_word' id='word_1_128' title='bbox 621 2312 708 2383; x_wconf 83' lang='lat' dir='ltr'><strong>regui</strong></span> <span class='ocrx_word' id='word_1_129' title='bbox 737 2312 817 2382; x_wconf 83' lang='lat' dir='ltr'><strong>regis</strong></span> <span class='ocrx_word' id='word_1_130' title='bbox 839 2312 963 2377; x_wconf 82' lang='lat' dir='ltr'><strong>Henrici</strong></span> <span class='ocrx_word' id='word_1_131' title='bbox 985 2310 1015 2383; x_wconf 90' lang='lat' dir='ltr'><strong>ij.</strong></span> <span class='ocrx_word' id='word_1_132' title='bbox 1039 2310 1135 2367; x_wconf 89' lang='lat' dir='ltr'><strong>dictus</strong></span> <span class='ocrx_word' id='word_1_133' title='bbox 1157 2312 1323 2369; x_wconf 84' lang='lat' dir='ltr'><strong>Willclmns</strong></span> <span class='ocrx_word' id='word_1_134' title='bbox 1348 2333 1399 2371; x_wconf 84' lang='lat' dir='ltr'><strong>rex</strong></span> 
     </span>
     <span class='ocr_line' id='line_1_17' title="bbox 352 2396 1399 2473; baseline 0.003 -17"><span class='ocrx_word' id='word_1_135' title='bbox 352 2396 372 2424; x_wconf 82' lang='lat'><strong>‘⁸</strong></span> <span class='ocrx_word' id='word_1_136' title='bbox 396 2399 548 2456; x_wconf 80' lang='lat' dir='ltr'><strong>Scotorum</strong></span> <span class='ocrx_word' id='word_1_137' title='bbox 571 2401 711 2457; x_wconf 82' lang='lat' dir='ltr'><strong>rebellare</strong></span> <span class='ocrx_word' id='word_1_138' title='bbox 744 2400 887 2473; x_wconf 88' lang='lat' dir='ltr'><strong>incipiens</strong></span> <span class='ocrx_word' id='word_1_139' title='bbox 909 2400 992 2456; x_wconf 85' lang='lat' dir='ltr'><strong>venit</strong></span> <span class='ocrx_word' id='word_1_140' title='bbox 1014 2400 1045 2455; x_wconf 88' lang='lat' dir='ltr'><strong>in</strong></span> <span class='ocrx_word' id='word_1_141' title='bbox 1068 2401 1310 2457; x_wconf 87' lang='lat' dir='ltr'><strong>Northumbricm</strong></span> <span class='ocrx_word' id='word_1_142' title='bbox 1331 2420 1399 2459; x_wconf 90' lang='lat' dir='ltr'><strong>cum</strong></span> 
     </span>
     <span class='ocr_line' id='line_1_18' title="bbox 353 2488 1397 2562; baseline 0.004 -18"><span class='ocrx_word' id='word_1_143' title='bbox 353 2488 372 2511; x_wconf 84' lang='lat'><strong>‘⁸</strong></span> <span class='ocrx_word' id='word_1_144' title='bbox 396 2490 525 2545; x_wconf 84' lang='lat' dir='ltr'><strong>exercitu</strong></span> <span class='ocrx_word' id='word_1_145' title='bbox 548 2508 610 2556; x_wconf 90' lang='lat' dir='ltr'><strong>suo,</strong></span> <span class='ocrx_word' id='word_1_146' title='bbox 633 2499 664 2545; x_wconf 86' lang='lat' dir='ltr'><strong>et</strong></span> <span class='ocrx_word' id='word_1_147' title='bbox 685 2490 816 2545; x_wconf 84' lang='lat' dir='ltr'><strong>exercuit</strong></span> <span class='ocrx_word' id='word_1_148' title='bbox 837 2489 869 2544; x_wconf 93' lang='lat' dir='ltr'><strong>in</strong></span> <span class='ocrx_word' id='word_1_149' title='bbox 891 2490 1000 2562; x_wconf 90' lang='lat' dir='ltr'><strong>populo</strong></span> <span class='ocrx_word' id='word_1_150' title='bbox 1022 2494 1150 2560; x_wconf 79' lang='lat' dir='ltr'><strong>stragem</strong></span> <span class='ocrx_word' id='word_1_151' title='bbox 1172 2508 1323 2562; x_wconf 83' lang='lat' dir='ltr'><strong>magnam,</strong></span> <span class='ocrx_word' id='word_1_152' title='bbox 1348 2492 1397 2548; x_wconf 89' lang='lat' dir='ltr'><strong>oni</strong></span> 
     </span>
     <span class='ocr_line' id='line_1_19' title="bbox 353 2572 1399 2653; baseline 0.002 -19"><span class='ocrx_word' id='word_1_153' title='bbox 353 2577 372 2600; x_wconf 91' lang='lat'>“</span> <span class='ocrx_word' id='word_1_154' title='bbox 397 2584 580 2634; x_wconf 81' lang='lat' dir='ltr'><strong>occurrentes</strong></span> <span class='ocrx_word' id='word_1_155' title='bbox 602 2577 711 2634; x_wconf 82' lang='lat' dir='ltr'><strong>milites</strong></span> <span class='ocrx_word' id='word_1_156' title='bbox 734 2578 890 2633; x_wconf 82' lang='lat' dir='ltr'><strong>comitatus</strong></span> <span class='ocrx_word' id='word_1_157' title='bbox 913 2578 1102 2634; x_wconf 79' lang='lat' dir='ltr'><strong>Eboracensis</strong></span> <span class='ocrx_word' id='word_1_158' title='bbox 1128 2580 1206 2650; x_wconf 89' lang='lat' dir='ltr'><strong>apud</strong></span> <span class='ocrx_word' id='word_1_159' title='bbox 1227 2572 1399 2653; x_wconf 82' lang='lat' dir='ltr'><strong>Alnewyk⁸</strong></span> 
     </span>
     <span class='ocr_line' id='line_1_20' title="bbox 352 2665 1398 2739; baseline 0.005 -19"><span class='ocrx_word' id='word_1_160' title='bbox 352 2665 371 2689; x_wconf 89' lang='lat'>“</span> <span class='ocrx_word' id='word_1_161' title='bbox 395 2666 492 2738; x_wconf 88' lang='lat' dir='ltr'><strong>ipsum</strong></span> <span class='ocrx_word' id='word_1_162' title='bbox 514 2672 664 2739; x_wconf 84' lang='lat' dir='ltr'><strong>oeperunt,</strong></span> <span class='ocrx_word' id='word_1_163' title='bbox 680 2673 711 2723; x_wconf 90' lang='lat' dir='ltr'><strong>et</strong></span> <span class='ocrx_word' id='word_1_164' title='bbox 732 2666 813 2722; x_wconf 85' lang='lat' dir='ltr'><strong>dicto</strong></span> <span class='ocrx_word' id='word_1_165' title='bbox 827 2667 957 2723; x_wconf 86' lang='lat' dir='ltr'><strong>Henrioo</strong></span> <span class='ocrx_word' id='word_1_166' title='bbox 978 2666 1042 2737; x_wconf 74' lang='lat' dir='ltr'><strong>regi</strong></span> <span class='ocrx_word' id='word_1_167' title='bbox 1056 2666 1176 2737; x_wconf 78' lang='lat' dir='ltr'><strong>Angliae</strong></span> <span class='ocrx_word' id='word_1_168' title='bbox 1198 2668 1398 2725; x_wconf 79' lang='lat' dir='ltr'><strong>reddiderunt.</strong></span> 
     </span>
     <span class='ocr_line' id='line_1_21' title="bbox 352 2753 1396 2829; baseline 0.002 -17"><span class='ocrx_word' id='word_1_169' title='bbox 352 2753 372 2779; x_wconf 85' lang='lat'><strong>“</strong></span> <span class='ocrx_word' id='word_1_170' title='bbox 395 2754 542 2829; x_wconf 81' lang='lat' dir='ltr'><strong>Annoquo</strong></span> <span class='ocrx_word' id='word_1_171' title='bbox 575 2756 709 2829; x_wconf 78' lang='lat' dir='ltr'><strong>sequenti</strong></span> <span class='ocrx_word' id='word_1_172' title='bbox 739 2755 852 2811; x_wconf 86' lang='lat' dir='ltr'><strong>scilicet</strong></span> <span class='ocrx_word' id='word_1_173' title='bbox 873 2774 921 2810; x_wconf 84' lang='lat' dir='ltr'><strong>xr.</strong></span> <span class='ocrx_word' id='word_1_174' title='bbox 945 2755 1083 2811; x_wconf 74' lang='lat' dir='ltr'><strong>kalendas</strong></span> <span class='ocrx_word' id='word_1_175' title='bbox 1106 2756 1209 2811; x_wconf 83' lang='lat' dir='ltr'><strong>Martii</strong></span> <span class='ocrx_word' id='word_1_176' title='bbox 1240 2764 1285 2813; x_wconf 90' lang='lat' dir='ltr'><strong>est</strong></span> <span class='ocrx_word' id='word_1_177' title='bbox 1317 2757 1396 2814; x_wconf 86' lang='lat' dir='ltr'><strong>idem</strong></span> 
     </span>
     <span class='ocr_line' id='line_1_22' title="bbox 352 2843 1396 2919; baseline 0.004 -20"><span class='ocrx_word' id='word_1_178' title='bbox 352 2843 371 2868; x_wconf 81' lang='lat'><strong>‘⁶</strong></span> <span class='ocrx_word' id='word_1_179' title='bbox 396 2844 562 2901; x_wconf 86' lang='lat' dir='ltr'><strong>Willelmus</strong></span> <span class='ocrx_word' id='word_1_180' title='bbox 599 2845 757 2917; x_wconf 86' lang='lat' dir='ltr'><strong>permissus</strong></span> <span class='ocrx_word' id='word_1_181' title='bbox 794 2844 868 2900; x_wconf 87' lang='lat' dir='ltr'><strong>liber</strong></span> <span class='ocrx_word' id='word_1_182' title='bbox 907 2843 995 2900; x_wconf 84' lang='lat' dir='ltr'><strong>abire.</strong></span> <span class='ocrx_word' id='word_1_183' title='bbox 1055 2845 1160 2900; x_wconf 88' lang='lat' dir='ltr'><strong>Postea</strong></span> <span class='ocrx_word' id='word_1_184' title='bbox 1205 2862 1274 2902; x_wconf 81' lang='lat' dir='ltr'><strong>vero</strong></span> <span class='ocrx_word' id='word_1_185' title='bbox 1318 2846 1396 2919; x_wconf 85' lang='lat' dir='ltr'><strong>apud</strong></span> 
     </span>
     <span class='ocr_line' id='line_1_23' title="bbox 352 2932 1396 3006; baseline 0.002 -16"><span class='ocrx_word' id='word_1_186' title='bbox 352 2932 371 2957; x_wconf 88' lang='lat'>“</span> <span class='ocrx_word' id='word_1_187' title='bbox 394 2934 558 2990; x_wconf 73' lang='lat' dir='ltr'><strong>Eboracum</strong></span> <span class='ocrx_word' id='word_1_188' title='bbox 587 2952 665 2991; x_wconf 83' lang='lat' dir='ltr'><strong>anno</strong></span> <span class='ocrx_word' id='word_1_189' title='bbox 695 2934 797 2990; x_wconf 86' lang='lat' dir='ltr'><strong>eodem</strong></span> <span class='ocrx_word' id='word_1_190' title='bbox 826 2933 939 2989; x_wconf 84' lang='lat' dir='ltr'><strong>scilicet</strong></span> <span class='ocrx_word' id='word_1_191' title='bbox 968 2932 1038 3004; x_wconf 79' lang='lat' dir='ltr'><strong>xvij.</strong></span> <span class='ocrx_word' id='word_1_192' title='bbox 1065 2932 1184 2990; x_wconf 79' lang='lat' dir='ltr'><strong>kalend.</strong></span> <span class='ocrx_word' id='word_1_193' title='bbox 1216 2936 1396 3006; x_wconf 76' lang='lat' dir='ltr'><strong>Septembris</strong></span> 
     </span>
     <span class='ocr_line' id='line_1_24' title="bbox 351 3022 1395 3093; baseline 0.003 -15"><span class='ocrx_word' id='word_1_194' title='bbox 351 3022 370 3047; x_wconf 84' lang='lat'><strong>‘¹</strong></span> <span class='ocrx_word' id='word_1_195' title='bbox 394 3022 474 3080; x_wconf 86' lang='lat' dir='ltr'><strong>idem</strong></span> <span class='ocrx_word' id='word_1_196' title='bbox 507 3023 675 3080; x_wconf 87' lang='lat' dir='ltr'><strong>Willelmus</strong></span> <span class='ocrx_word' id='word_1_197' title='bbox 706 3024 744 3079; x_wconf 85' lang='lat' dir='ltr'><strong>de</strong></span> <span class='ocrx_word' id='word_1_198' title='bbox 780 3039 922 3078; x_wconf 85' lang='lat' dir='ltr'><strong>consensu</strong></span> <span class='ocrx_word' id='word_1_199' title='bbox 960 3022 1160 3093; x_wconf 73' lang='lat' dir='ltr'><strong>praelatorum.</strong></span> <span class='ocrx_word' id='word_1_200' title='bbox 1191 3023 1332 3079; x_wconf 90' lang='lat' dir='ltr'><strong>comitum</strong></span> <span class='ocrx_word' id='word_1_201' title='bbox 1364 3032 1395 3081; x_wconf 88' lang='lat' dir='ltr'><strong>ct</strong></span> 
     </span>
     <span class='ocr_line' id='line_1_25' title="bbox 350 3111 1395 3183; baseline 0.003 -16"><span class='ocrx_word' id='word_1_202' title='bbox 350 3112 370 3138; x_wconf 90' lang='lat'>“</span> <span class='ocrx_word' id='word_1_203' title='bbox 393 3112 545 3179; x_wconf 88' lang='lat' dir='ltr'><strong>baronum,</strong></span> <span class='ocrx_word' id='word_1_204' title='bbox 568 3118 600 3168; x_wconf 86' lang='lat' dir='ltr'><strong>et</strong></span> <span class='ocrx_word' id='word_1_205' title='bbox 621 3112 745 3169; x_wconf 86' lang='lat' dir='ltr'><strong>aliorum</strong></span> <span class='ocrx_word' id='word_1_206' title='bbox 768 3128 940 3183; x_wconf 77' lang='lat' dir='ltr'><strong>magnarum</strong></span> <span class='ocrx_word' id='word_1_207' title='bbox 962 3111 1047 3181; x_wconf 82' lang='lat' dir='ltr'><strong>regni</strong></span> <span class='ocrx_word' id='word_1_208' title='bbox 1072 3111 1178 3167; x_wconf 79' lang='lat' dir='ltr'><strong>Scotiae</strong></span> <span class='ocrx_word' id='word_1_209' title='bbox 1201 3112 1320 3169; x_wconf 90' lang='lat' dir='ltr'><strong>domino</strong></span> <span class='ocrx_word' id='word_1_210' title='bbox 1342 3131 1395 3170; x_wconf 89' lang='lat' dir='ltr'><strong>sno</strong></span> 
     </span>
     <span class='ocr_line' id='line_1_26' title="bbox 348 3192 1396 3274; baseline 0.003 -18"><span class='ocrx_word' id='word_1_211' title='bbox 348 3200 367 3225; x_wconf 86' lang='lat'><strong>⁴⁴</strong></span> <span class='ocrx_word' id='word_1_212' title='bbox 391 3201 454 3272; x_wconf 80' lang='lat' dir='ltr'><strong>regi</strong></span> <span class='ocrx_word' id='word_1_213' title='bbox 478 3200 597 3274; x_wconf 76' lang='lat' dir='ltr'><strong>Angliae</strong></span> <span class='ocrx_word' id='word_1_214' title='bbox 620 3201 749 3259; x_wconf 76' lang='lat' dir='ltr'><strong>Hem-ico</strong></span> <span class='ocrx_word' id='word_1_215' title='bbox 770 3200 832 3256; x_wconf 87' lang='lat' dir='ltr'><strong>filio</strong></span> <span class='ocrx_word' id='word_1_216' title='bbox 855 3199 1048 3271; x_wconf 85' lang='lat' dir='ltr'><strong>imperatricis</strong></span> <span class='ocrx_word' id='word_1_217' title='bbox 1070 3199 1202 3256; x_wconf 79' lang='lat' dir='ltr'><strong>Matildae</strong></span> <span class='ocrx_word' id='word_1_218' title='bbox 1225 3192 1396 3274; x_wconf 64' lang='lat' dir='ltr'><strong>predictael</strong></span> 
     </span>
     <span class='ocr_line' id='line_1_27' title="bbox 349 3288 1394 3362; baseline 0.003 -17"><span class='ocrx_word' id='word_1_219' title='bbox 349 3290 369 3313; x_wconf 86' lang='lat'><strong>‘⁸</strong></span> <span class='ocrx_word' id='word_1_220' title='bbox 392 3290 455 3345; x_wconf 85' lang='lat' dir='ltr'><strong>suis</strong></span> <span class='ocrx_word' id='word_1_221' title='bbox 476 3290 571 3346; x_wconf 78' lang='lat' dir='ltr'><strong>litoris</strong></span> <span class='ocrx_word' id='word_1_222' title='bbox 593 3289 761 3362; x_wconf 78' lang='lat' dir='ltr'><strong>patentibus</strong></span> <span class='ocrx_word' id='word_1_223' title='bbox 783 3288 893 3345; x_wconf 83' lang='lat' dir='ltr'><strong>cavisse</strong></span> <span class='ocrx_word' id='word_1_224' title='bbox 914 3288 1055 3355; x_wconf 87' lang='lat' dir='ltr'><strong>noscitur,</strong></span> <span class='ocrx_word' id='word_1_225' title='bbox 1079 3289 1158 3361; x_wconf 90' lang='lat' dir='ltr'><strong>quod</strong></span> <span class='ocrx_word' id='word_1_226' title='bbox 1180 3290 1242 3362; x_wconf 85' lang='lat' dir='ltr'><strong>ipse</strong></span> <span class='ocrx_word' id='word_1_227' title='bbox 1264 3290 1394 3347; x_wconf 71' lang='lat' dir='ltr'><strong>haeredes</strong></span> 
     </span>
     <span class='ocr_line' id='line_1_28' title="bbox 349 3378 1392 3450; baseline 0.002 -16"><span class='ocrx_word' id='word_1_228' title='bbox 349 3378 368 3402; x_wconf 82' lang='lat'><strong>‘⁸</strong></span> <span class='ocrx_word' id='word_1_229' title='bbox 392 3384 423 3434; x_wconf 88' lang='lat' dir='ltr'><strong>et</strong></span> <span class='ocrx_word' id='word_1_230' title='bbox 468 3396 644 3435; x_wconf 83' lang='lat' dir='ltr'><strong>successores</strong></span> <span class='ocrx_word' id='word_1_231' title='bbox 693 3380 739 3434; x_wconf 88' lang='lat' dir='ltr'><strong>sui</strong></span> <span class='ocrx_word' id='word_1_232' title='bbox 783 3396 868 3449; x_wconf 77' lang='lat' dir='ltr'><strong>reges</strong></span> <span class='ocrx_word' id='word_1_233' title='bbox 915 3378 1031 3445; x_wconf 77' lang='lat' dir='ltr'><strong>Scotiae,</strong></span> <span class='ocrx_word' id='word_1_234' title='bbox 1078 3378 1217 3450; x_wconf 84' lang='lat' dir='ltr'><strong>episcopi,</strong></span> <span class='ocrx_word' id='word_1_235' title='bbox 1263 3380 1392 3447; x_wconf 85' lang='lat' dir='ltr'><strong>abbates,</strong></span> 
     </span>
     <span class='ocr_line' id='line_1_29' title="bbox 349 3466 1393 3538; baseline 0.004 -16"><span class='ocrx_word' id='word_1_236' title='bbox 349 3468 368 3492; x_wconf 81' lang='lat'><strong>‘⁶</strong></span> <span class='ocrx_word' id='word_1_237' title='bbox 392 3468 525 3534; x_wconf 89' lang='lat' dir='ltr'><strong>comites,</strong></span> <span class='ocrx_word' id='word_1_238' title='bbox 548 3473 579 3524; x_wconf 83' lang='lat' dir='ltr'><strong>et</strong></span> <span class='ocrx_word' id='word_1_239' title='bbox 609 3469 743 3535; x_wconf 85' lang='lat' dir='ltr'><strong>barones,</strong></span> <span class='ocrx_word' id='word_1_240' title='bbox 765 3472 796 3523; x_wconf 87' lang='lat' dir='ltr'><strong>et</strong></span> <span class='ocrx_word' id='word_1_241' title='bbox 817 3466 870 3523; x_wconf 91' lang='lat' dir='ltr'><strong>alii</strong></span> <span class='ocrx_word' id='word_1_242' title='bbox 891 3466 1026 3523; x_wconf 83' lang='lat' dir='ltr'><strong>homines</strong></span> <span class='ocrx_word' id='word_1_243' title='bbox 1049 3466 1086 3523; x_wconf 87' lang='lat' dir='ltr'><strong>de</strong></span> <span class='ocrx_word' id='word_1_244' title='bbox 1107 3484 1200 3538; x_wconf 83' lang='lat' dir='ltr'><strong>reguo</strong></span> <span class='ocrx_word' id='word_1_245' title='bbox 1224 3468 1331 3525; x_wconf 82' lang='lat' dir='ltr'><strong>Scotiae</strong></span> <span class='ocrx_word' id='word_1_246' title='bbox 1356 3470 1393 3526; x_wconf 87' lang='lat' dir='ltr'><strong>de</strong></span> 
     </span>
     <span class='ocr_line' id='line_1_30' title="bbox 348 3556 1393 3628; baseline 0.001 -16"><span class='ocrx_word' id='word_1_247' title='bbox 348 3556 367 3580; x_wconf 85' lang='lat'><strong>‘¹</strong></span> <span class='ocrx_word' id='word_1_248' title='bbox 394 3556 499 3628; x_wconf 85' lang='lat' dir='ltr'><strong>quibus</strong></span> <span class='ocrx_word' id='word_1_249' title='bbox 521 3556 618 3613; x_wconf 83' lang='lat' dir='ltr'><strong>dictus</strong></span> <span class='ocrx_word' id='word_1_250' title='bbox 639 3574 691 3613; x_wconf 82' lang='lat' dir='ltr'><strong>rex</strong></span> <span class='ocrx_word' id='word_1_251' title='bbox 711 3557 818 3612; x_wconf 84' lang='lat' dir='ltr'><strong>habere</strong></span> <span class='ocrx_word' id='word_1_252' title='bbox 839 3556 977 3623; x_wconf 84' lang='lat' dir='ltr'><strong>voluerit,</strong></span> <span class='ocrx_word' id='word_1_253' title='bbox 1003 3556 1114 3611; x_wconf 81' lang='lat' dir='ltr'><strong>faciant</strong></span> <span class='ocrx_word' id='word_1_254' title='bbox 1134 3556 1252 3626; x_wconf 81' lang='lat' dir='ltr'><strong>regibus</strong></span> <span class='ocrx_word' id='word_1_255' title='bbox 1273 3556 1393 3628; x_wconf 80' lang='lat' dir='ltr'><strong>Angliae</strong></span> 
     </span>
     <span class='ocr_line' id='line_1_31' title="bbox 348 3635 1394 3718; baseline 0.001 -17"><span class='ocrx_word' id='word_1_256' title='bbox 348 3645 366 3670; x_wconf 80' lang='lat'><strong>‘⁶</strong></span> <span class='ocrx_word' id='word_1_257' title='bbox 393 3646 564 3718; x_wconf 80' lang='lat' dir='ltr'><strong>homagium</strong></span> <span class='ocrx_word' id='word_1_258' title='bbox 585 3652 617 3703; x_wconf 86' lang='lat' dir='ltr'><strong>et</strong></span> <span class='ocrx_word' id='word_1_259' title='bbox 638 3645 822 3711; x_wconf 85' lang='lat' dir='ltr'><strong>fidelitatem,</strong></span> <span class='ocrx_word' id='word_1_260' title='bbox 845 3649 876 3701; x_wconf 87' lang='lat' dir='ltr'><strong>et</strong></span> <span class='ocrx_word' id='word_1_261' title='bbox 897 3644 1071 3716; x_wconf 79' lang='lat' dir='ltr'><strong>ligeantiam</strong></span> <span class='ocrx_word' id='word_1_262' title='bbox 1082 3635 1107 3675; x_wconf 86' lang='lat'><strong>¹⁰</strong></span> <span class='ocrx_word' id='word_1_263' title='bbox 1123 3650 1158 3700; x_wconf 93' lang='lat' dir='ltr'><strong>ut</strong></span> <span class='ocrx_word' id='word_1_264' title='bbox 1179 3646 1297 3702; x_wconf 89' lang='lat' dir='ltr'><strong>domino</strong></span> <span class='ocrx_word' id='word_1_265' title='bbox 1321 3646 1394 3717; x_wconf 80' lang='lat' dir='ltr'><strong>ligio</strong></span> 
     </span>
    </p>
   </div>
   <div class='ocr_carea' id='block_1_3' title="bbox 347 3724 1393 3894">
    <p class='ocr_par' dir='ltr' id='par_1_4' title="bbox 347 3724 1393 3894">
     <span class='ocr_line' id='line_1_32' title="bbox 347 3724 1391 3806; baseline 0 -15"><span class='ocrx_word' id='word_1_266' title='bbox 347 3736 366 3758; x_wconf 82' lang='lat'><strong>‘⁶</strong></span> <span class='ocrx_word' id='word_1_267' title='bbox 393 3742 495 3791; x_wconf 87' lang='lat' dir='ltr'><strong>contra</strong></span> <span class='ocrx_word' id='word_1_268' title='bbox 509 3752 610 3792; x_wconf 90' lang='lat' dir='ltr'><strong>omnes</strong></span> <span class='ocrx_word' id='word_1_269' title='bbox 620 3726 644 3765; x_wconf 85' lang='lat'><strong>¹¹</strong></span> <span class='ocrx_word' id='word_1_270' title='bbox 660 3735 802 3791; x_wconf 86' lang='lat' dir='ltr'><strong>homines.</strong></span> <span class='ocrx_word' id='word_1_271' title='bbox 847 3735 887 3789; x_wconf 76' lang='lat' dir='ltr'><strong>nt</strong></span> <span class='ocrx_word' id='word_1_272' title='bbox 902 3734 935 3788; x_wconf 92' lang='lat' dir='ltr'><strong>in</strong></span> <span class='ocrx_word' id='word_1_273' title='bbox 950 3734 1067 3805; x_wconf 72' lang='lat' dir='ltr'><strong>signum</strong></span> <span class='ocrx_word' id='word_1_274' title='bbox 1083 3733 1234 3789; x_wconf 79' lang='lat' dir='ltr'><strong>fidelitatis</strong></span> <span class='ocrx_word' id='word_1_275' title='bbox 1246 3724 1271 3763; x_wconf 76' lang='lat'><strong>¹²</strong></span> <span class='ocrx_word' id='word_1_276' title='bbox 1292 3734 1391 3806; x_wconf 81' lang='lat' dir='ltr'><strong>hujus,</strong></span> 
     </span>
     <span class='ocr_line' id='line_1_33' title="bbox 348 3813 1393 3894; baseline 0.001 -15"><span class='ocrx_word' id='word_1_277' title='bbox 348 3826 367 3850; x_wconf 79' lang='lat'><strong>‘¹</strong></span> <span class='ocrx_word' id='word_1_278' title='bbox 391 3826 470 3880; x_wconf 85' lang='lat' dir='ltr'><strong>idem</strong></span> <span class='ocrx_word' id='word_1_279' title='bbox 485 3824 651 3881; x_wconf 87' lang='lat' dir='ltr'><strong>Willelmns</strong></span> <span class='ocrx_word' id='word_1_280' title='bbox 673 3840 724 3879; x_wconf 87' lang='lat' dir='ltr'><strong>rex</strong></span> <span class='ocrx_word' id='word_1_281' title='bbox 747 3824 856 3879; x_wconf 86' lang='lat' dir='ltr'><strong>Scotirs</strong></span> <span class='ocrx_word' id='word_1_282' title='bbox 875 3822 1030 3894; x_wconf 87' lang='lat' dir='ltr'><strong>capellum,</strong></span> <span class='ocrx_word' id='word_1_283' title='bbox 1048 3822 1179 3878; x_wconf 86' lang='lat' dir='ltr'><strong>lanceam</strong></span> <span class='ocrx_word' id='word_1_284' title='bbox 1201 3828 1232 3879; x_wconf 85' lang='lat' dir='ltr'><strong>ct</strong></span> <span class='ocrx_word' id='word_1_285' title='bbox 1254 3824 1355 3880; x_wconf 85' lang='lat' dir='ltr'><strong>sellam</strong></span> <span class='ocrx_word' id='word_1_286' title='bbox 1366 3813 1393 3854; x_wconf 77' lang='lat'><strong>²³</strong></span> 
     </span>
    </p>
   </div>
   <div class='ocr_carea' id='block_1_4' title="bbox 283 4057 1398 4842">
    <p class='ocr_par' dir='ltr' id='par_1_5' title="bbox 283 4057 1398 4842">
     <span class='ocr_line' id='line_1_34' title="bbox 378 4057 1074 4131; baseline -0.011 -14"><span class='ocrx_word' id='word_1_287' title='bbox 378 4066 386 4099; x_wconf 89' lang='lat'><strong>¹</strong></span> <span class='ocrx_word' id='word_1_288' title='bbox 404 4063 598 4131; x_wconf 68' lang='lat' dir='ltr'><strong>Kyuewaldm,</strong></span> <span class='ocrx_word' id='word_1_289' title='bbox 620 4064 690 4123; x_wconf 75' lang='lat' dir='ltr'><strong>Ma;</strong></span> <span class='ocrx_word' id='word_1_290' title='bbox 707 4062 847 4113; x_wconf 78' lang='lat' dir='ltr'><strong>Dnnewul·</strong></span> <span class='ocrx_word' id='word_1_291' title='bbox 928 4057 939 4090; x_wconf 81' lang='lat'>⁶</span> <span class='ocrx_word' id='word_1_292' title='bbox 955 4058 1031 4108; x_wconf 83' lang='lat' dir='ltr'><strong>From</strong></span> <span class='ocrx_word' id='word_1_293' title='bbox 1043 4058 1074 4109; x_wconf 75' lang='lat' dir='ltr'><strong>n.</strong></span> 
     </span>
     <span class='ocr_line' id='line_1_35' title="bbox 345 4135 1398 4208; baseline -0.001 -18"><span class='ocrx_word' id='word_1_294' title='bbox 345 4148 409 4208; x_wconf 65' lang='lat' dir='ltr'><strong>dum,</strong></span> <span class='ocrx_word' id='word_1_295' title='bbox 420 4150 453 4197; x_wconf 77' lang='lat' dir='ltr'><strong>A,</strong></span> <span class='ocrx_word' id='word_1_296' title='bbox 929 4135 940 4173; x_wconf 74' lang='lat'><strong><em>7</em></strong></span> <span class='ocrx_word' id='word_1_297' title='bbox 957 4136 1016 4193; x_wconf 67' lang='lat' dir='ltr'><strong>rvi„</strong></span> <span class='ocrx_word' id='word_1_298' title='bbox 1028 4136 1078 4195; x_wconf 77' lang='lat' dir='ltr'><strong>A.;</strong></span> <span class='ocrx_word' id='word_1_299' title='bbox 1095 4153 1163 4197; x_wconf 68' lang='lat' dir='ltr'><strong>mc,</strong></span> <span class='ocrx_word' id='word_1_300' title='bbox 1181 4138 1255 4197; x_wconf 76' lang='lat' dir='ltr'><strong>MS.;</strong></span> <span class='ocrx_word' id='word_1_301' title='bbox 1274 4140 1398 4197; x_wconf 72' lang='lat' dir='ltr'><strong>vicerim,</strong></span> 
     </span>
     <span class='ocr_line' id='line_1_36' title="bbox 377 4214 925 4291; baseline -0.022 -16"><span class='ocrx_word' id='word_1_302' title='bbox 377 4225 388 4257; x_wconf 83' lang='lat'>²</span> <span class='ocrx_word' id='word_1_303' title='bbox 406 4223 483 4291; x_wconf 77' lang='lat' dir='ltr'><strong>ideas]</strong></span> <span class='ocrx_word' id='word_1_304' title='bbox 503 4223 575 4282; x_wconf 79' lang='lat' dir='ltr'><strong>illud,</strong></span> <span class='ocrx_word' id='word_1_305' title='bbox 587 4224 619 4273; x_wconf 83' lang='lat' dir='ltr'><strong>n.</strong></span> <span class='ocrx_word' id='word_1_306' title='bbox 893 4214 925 4264; x_wconf 84' lang='lat' dir='ltr'><strong>R.</strong></span> 
     </span>
     <span class='ocr_line' id='line_1_37' title="bbox 375 4291 1176 4368; baseline -0.009 -16"><span class='ocrx_word' id='word_1_307' title='bbox 375 4303 491 4361; x_wconf 64' lang='lat' dir='ltr'><strong>&#39;sidera</strong></span> <span class='ocrx_word' id='word_1_308' title='bbox 512 4303 572 4368; x_wconf 73' lang='lat' dir='ltr'><strong>etc]</strong></span> <span class='ocrx_word' id='word_1_309' title='bbox 602 4303 717 4366; x_wconf 82' lang='lat' dir='ltr'><strong>ciusdem</strong></span> <span class='ocrx_word' id='word_1_310' title='bbox 748 4300 844 4365; x_wconf 66' lang='lat' dir='ltr'><strong>Rclgari</strong></span> <span class='ocrx_word' id='word_1_311' title='bbox 926 4291 1091 4356; x_wconf 70' lang='lat' dir='ltr'><strong>⁸Alnwynk,</strong></span> <span class='ocrx_word' id='word_1_312' title='bbox 1104 4294 1176 4345; x_wconf 85' lang='lat' dir='ltr'>MSS.</span> 
     </span>
     <span class='ocr_line' id='line_1_38' title="bbox 343 4370 1131 4439; baseline -0.015 -6"><span class='ocrx_word' id='word_1_313' title='bbox 343 4397 474 4439; x_wconf 76' lang='lat' dir='ltr'><strong>concessu,</strong></span> <span class='ocrx_word' id='word_1_314' title='bbox 485 4383 518 4433; x_wconf 82' lang='lat' dir='ltr'><strong>R.</strong></span> <span class='ocrx_word' id='word_1_315' title='bbox 927 4370 938 4405; x_wconf 79' lang='lat'><strong>⁹</strong></span> <span class='ocrx_word' id='word_1_316' title='bbox 953 4370 1086 4436; x_wconf 69' lang='lat' dir='ltr'><strong>praedicto,</strong></span> <span class='ocrx_word' id='word_1_317' title='bbox 1099 4372 1131 4421; x_wconf 84' lang='lat' dir='ltr'><strong>lt.</strong></span> 
     </span>
     <span class='ocr_line' id='line_1_39' title="bbox 283 4448 1394 4528; baseline -0.007 -15"><span class='ocrx_word' id='word_1_318' title='bbox 283 4496 286 4501; x_wconf 95' lang='lat'>-</span> <span class='ocrx_word' id='word_1_319' title='bbox 375 4461 386 4493; x_wconf 86' lang='lat'><strong>⁴</strong></span> <span class='ocrx_word' id='word_1_320' title='bbox 403 4461 480 4528; x_wconf 74' lang='lat' dir='ltr'><strong>Iton]</strong></span> <span class='ocrx_word' id='word_1_321' title='bbox 500 4461 600 4511; x_wconf 74' lang='lat' dir='ltr'><strong>written</strong></span> <span class='ocrx_word' id='word_1_322' title='bbox 613 4476 648 4512; x_wconf 92' lang='lat' dir='ltr'><strong>on</strong></span> <span class='ocrx_word' id='word_1_323' title='bbox 657 4460 701 4511; x_wconf 79' lang='lat' dir='ltr'><strong>the</strong></span> <span class='ocrx_word' id='word_1_324' title='bbox 709 4459 808 4525; x_wconf 76' lang='lat' dir='ltr'><strong>margin</strong></span> <span class='ocrx_word' id='word_1_325' title='bbox 817 4458 847 4509; x_wconf 81' lang='lat' dir='ltr'><strong>of</strong></span> <span class='ocrx_word' id='word_1_326' title='bbox 928 4448 949 4481; x_wconf 84' lang='lat'><strong>¹⁰</strong></span> <span class='ocrx_word' id='word_1_327' title='bbox 966 4448 1394 4517; x_wconf 62' lang='lat' dir='ltr'><strong>109eantiam,Ms.;nqmnm‚1s‚</strong></span> 
     </span>
     <span class='ocr_line' id='line_1_40' title="bbox 341 4527 1239 4604; baseline -0.004 -20"><span class='ocrx_word' id='word_1_328' title='bbox 341 4544 397 4604; x_wconf 73' lang='grc' dir='ltr'><strong>Α,Ι</strong></span> <span class='ocrx_word' id='word_1_329' title='bbox 928 4527 946 4559; x_wconf 87' lang='lat'><strong>¹¹</strong></span> <span class='ocrx_word' id='word_1_330' title='bbox 963 4542 1054 4577; x_wconf 66' lang='lat' dir='ltr'><strong>onnam</strong></span> <span class='ocrx_word' id='word_1_331' title='bbox 1065 4527 1239 4591; x_wconf 78' lang='lat' dir='ltr'><strong>toru&#39;nem‚lt.</strong></span> 
     </span>
     <span class='ocr_line' id='line_1_41' title="bbox 376 4604 1346 4680; baseline -0.001 -11"><span class='ocrx_word' id='word_1_332' title='bbox 376 4618 387 4650; x_wconf 70' lang='lat'>⁵</span> <span class='ocrx_word' id='word_1_333' title='bbox 406 4618 481 4669; x_wconf 79' lang='lat' dir='ltr'><strong>After</strong></span> <span class='ocrx_word' id='word_1_334' title='bbox 494 4618 588 4669; x_wconf 76' lang='lat' dir='ltr'><strong>Scolioe</strong></span> <span class='ocrx_word' id='word_1_335' title='bbox 603 4616 626 4667; x_wconf 86' lang='lat' dir='ltr'><strong>is</strong></span> <span class='ocrx_word' id='word_1_336' title='bbox 636 4617 737 4667; x_wconf 78' lang='lat' dir='ltr'><strong>written</strong></span> <span class='ocrx_word' id='word_1_337' title='bbox 754 4616 844 4680; x_wconf 81' lang='lat' dir='ltr'><strong>hythe</strong></span> <span class='ocrx_word' id='word_1_338' title='bbox 928 4604 948 4637; x_wconf 74' lang='lat'><strong>¹²</strong></span> <span class='ocrx_word' id='word_1_339' title='bbox 959 4604 1112 4673; x_wconf 57' lang='lat' dir='ltr'><strong>fidtll&#39;lssffi]</strong></span> <span class='ocrx_word' id='word_1_340' title='bbox 1131 4606 1303 4671; x_wconf 62' lang='lat' dir='ltr'><strong>&#39;Ublfflfiffllssr</strong></span> <span class='ocrx_word' id='word_1_341' title='bbox 1314 4610 1346 4661; x_wconf 73' lang='lat' dir='ltr'>R</span> 
     </span>
     <span class='ocr_line' id='line_1_42' title="bbox 341 4682 1292 4747; baseline -0.003 0"><span class='ocrx_word' id='word_1_342' title='bbox 341 4697 449 4747; x_wconf 82' lang='lat' dir='ltr'><strong>careless</strong></span> <span class='ocrx_word' id='word_1_343' title='bbox 465 4696 547 4746; x_wconf 83' lang='lat' dir='ltr'><strong>scn&#39;bc</strong></span> <span class='ocrx_word' id='word_1_344' title='bbox 565 4694 718 4745; x_wconf 75' lang='lat' dir='ltr'><strong>devenerunt</strong></span> <span class='ocrx_word' id='word_1_345' title='bbox 737 4694 844 4745; x_wconf 77' lang='lat' dir='ltr'><strong>lomim</strong></span> <span class='ocrx_word' id='word_1_346' title='bbox 928 4683 947 4716; x_wconf 81' lang='lat'><strong>¹³</strong></span> <span class='ocrx_word' id='word_1_347' title='bbox 962 4682 1058 4743; x_wconf 60' lang='lat' dir='ltr'><strong>ullam,</strong></span> <span class='ocrx_word' id='word_1_348' title='bbox 1069 4684 1120 4744; x_wconf 46' lang='lat' dir='ltr'><strong>Aa</strong></span> <span class='ocrx_word' id='word_1_349' title='bbox 1137 4684 1225 4745; x_wconf 58' lang='lat' dir='ltr'><strong>mam,</strong></span> <span class='ocrx_word' id='word_1_350' title='bbox 1236 4686 1292 4737; x_wconf 79' lang='lat' dir='ltr'><strong>MS·</strong></span> 
     </span>
     <span class='ocr_line' id='line_1_43' title="bbox 340 4773 512 4842; baseline 0.006 -18"><span class='ocrx_word' id='word_1_351' title='bbox 340 4776 405 4842; x_wconf 61' lang='lat' dir='ltr'><strong>tyri,</strong></span> <span class='ocrx_word' id='word_1_352' title='bbox 415 4774 443 4824; x_wconf 70' lang='lat' dir='ltr'><strong>sn</strong></span> <span class='ocrx_word' id='word_1_353' title='bbox 454 4773 512 4825; x_wconf 77' lang='lat' dir='ltr'><strong>ns,</strong></span> 
     </span>
    </p>
   </div>
   <div class='ocr_carea' id='block_1_5' title="bbox 0 0 1818 5784">
    <p class='ocr_par' dir='ltr' id='par_1_6' title="bbox 0 0 1818 5784">
     <span class='ocr_line' id='line_1_44' title="bbox 0 0 1818 5784; baseline 0 6"><span class='ocrx_word' id='word_1_354' title='bbox 0 0 1818 5784; x_wconf 95' lang='lat' dir='ltr'><strong> </strong></span> 
     </span>
    </p>
   </div>
  </div>
 </body>
</html>
