3625 5784
604 941 875 993 umossruunsm
897 942 1109 995 osuorroon
1325 931 1389 995 259

161 1132 310 1197 umen
333 1129 444 1196 suevit
466 1130 537 1217 regi
560 1128 683 1196 Sicilire
704 1130 801 1195 aunis
824 1130 964 1216 singulis
987 1136 1021 1196 et
1053 1130 1132 1217 quia
1163 1131 1269 1195 multo
1303 1138 1386 1197 tem-

160 1205 237 1251 ⁹⁴⁵⁶‘
331 1252 411 1318 pore
432 1254 492 1319 per
513 1232 721 1320 septennium
744 1236 779 1297 et
804 1232 894 1298 ultra
923 1233 994 1319 jam
1026 1233 1062 1298 in
1088 1231 1250 1298 solutione
1282 1255 1385 1299 cessa·

330 1336 390 1413 vit,
421 1335 542 1402 idcirco
563 1334 787 1421 adpetivimus
817 1356 901 1399 eum.
948 1334 1023 1421 Ipse
1046 1355 1124 1400 vero
1147 1336 1251 1401 sciens
1279 1336 1384 1400 tribu·
1398 1352 1509 1401 nemon-

330 1438 404 1501 t'um
432 1438 523 1523 juste
556 1435 678 1524 deberi,
696 1436 767 1521 jam
802 1436 962 1501 satisfecit
992 1436 1088 1501 nobis
1122 1436 1165 1500 sd
1199 1443 1315 1503 votum
1348 1442 1383 1502 et
1396 1416 1537 1498 ΨΜ

330 1539 463 1625 quidem
479 1562 538 1625 pro
553 1544 700 1625 tempore
723 1539 892 1624 prseterito
907 1542 941 1603 et
956 1537 1079 1603 futuro.
1125 1538 1174 1602 At
1187 1538 1251 1617 ille,
1267 1538 1382 1618 “Quid
1395 1484 1549 1602 ffioemii‘

331 1650 348 1675 “
371 1646 431 1719 est,
453 1640 579 1706 domini
609 1640 792 1707 carissimi?
845 1640 966 1707 Nonne
1004 1640 1216 1707 convenimus
1234 1642 1315 1707 -huc
1348 1618 1536 1735 etffi‘sss‘m'fho

331 1752 349 1778 “
372 1744 592 1810 characterem
610 1742 736 1808 domini
754 1744 990 1829 assumpsimus
1019 1750 1058 1807 ut
1073 1742 1208 1809 contra¹
1231 1744 1382 1810 inimicos
1393 1752 1487 1802 seusu
1498 1750 1542 1799 the

330 1848 475 1913 “crucis
508 1846 634 1913 Christi
667 1847 841 1933 procedere
870 1853 905 1912 et
943 1866 1135 1932 componere
1165 1818 1484 1935 deberemusr'ffissf

330 1959 347 1986 “
371 1952 470 2017 Absit
484 1974 505 2016 a
526 1952 622 2017 nobis
643 1951 713 2027 hoc,
728 1971 806 2015 nam
824 1950 921 2016 modo
944 1955 1038 2036 patet
1060 1950 1216 2015 introitus
1239 1956 1274 2016 et
1295 1955 1385 2016 terra

331 2060 349 2087 “
364 2054 459 2119 nobis
481 2059 532 2120 est
553 2054 653 2140 plana
684 2058 720 2117 et
740 2053 825 2117 dura
861 2057 902 2117 ut
935 2052 1096 2138 possimus
1132 2052 1306 2139 procedere
1340 2053 1383 2118 ad

332 2161 350 2190 “
364 2160 512 2221 sanctam
535 2156 705 2221 civitatem
737 2152 1024 2238 lerosolymam.’'²
1068 2155 1116 2218 At
1141 2154 1192 2218 illi
1215 2155 1381 2232 dixerunt,
1395 2171 1472 2223 Their

332 2262 349 2288 “
365 2255 442 2321 Jam
457 2277 531 2321 cum
555 2255 627 2319 istis
651 2254 891 2340 composuimus
914 2258 949 2318 et
969 2259 1103 2340 pactum
1125 2254 1292 2340 praeterire
1315 2254 1500 2319 nonme*

331 2366 348 2392 “
363 2357 448 2435 licet,
463 2358 523 2423 sed
544 2363 750 2423 revertamr
772 2357 808 2420 in
831 2356 977 2421 Siciliam
1001 2362 1036 2421 et
1057 2356 1246 2422 transacte³
1263 2356 1382 2443 hyeme

332 2461 454 2545 “apud
477 2461 598 2527 Acrem
620 2460 785 2546 applicare
808 2458 1016 2546 poterimus.”
1062 2458 1330 2546 Displicuitque
1351 2460 1382 2525 ei

332 2562 505 2627 consilium
526 2562 597 2640 hoc,
620 2583 681 2627 nec
702 2561 767 2647 ipsi
786 2560 1016 2647 compositioni
1038 2580 1208 2625 assensum
1230 2561 1383 2647 praebuit,

331 2684 399 2729 non
414 2665 616 2751 participans
634 2664 810 2749 quicquam
825 2664 867 2728 de
882 2663 1022 2748 pecunia
1037 2661 1203 2740 scelerata,
1220 2663 1277 2728 sed
1292 2662 1382 2729 facto

333 2765 380 2830 eis
395 2766 498 2854 regali
513 2766 667 2832 convivio
681 2765 829 2830 clausum
844 2786 880 2829 se
894 2764 1012 2829 tenuit.
1048 2763 1304 2831 Permonentes¹⁵
1319 2766 1384 2829 ita-

333 2888 397 2952 que
411 2867 449 2932 in
463 2867 532 2933 fixo
546 2868 724 2953 proposito,
746 2866 879 2931 demum
901 2886 983 2931 aura
1006 2866 1109 2931 fiante
1125 2867 1383 2932 conscenderunt

333 2990 435 3035 naves
465 2970 614 3034 universi
648 2989 739 3055 reges
761 2972 796 3033 et
818 2973 1049 3033 remanserunt
1081 2968 1118 3031 in
1150 2968 1261 3034 littore
1293 2969 1381 3054 plus-

333 3093 432 3156 quam
454 3094 498 3139 cc.
521 3072 586 3137 viri
606 3092 674 3136 non
695 3069 855 3135 habentes
876 3091 998 3134 navem
1026 3070 1063 3134 in
1084 3091 1150 3155 qua
1171 3070 1379 3149 veherentur,
1393 3097 1512 3163 'rueyau

333 3171 511 3239 clamantes
544 3178 579 3238 et
612 3172 774 3258 ejulantes
804 3193 873 3257 prce
895 3171 1013 3236 timore
1036 3174 1151 3237 mortis
1186 3193 1285 3257 quam
1316 3166 1520 3283 citog⁰tff¹²i⁰

332 3280 497 3359 oporteret
512 3275 655 3361 recipere
677 3274 706 3337 si
728 3278 942 3340 remanerent.
979 3273 1089 3339 Motus
1105 3296 1181 3361 ergo
1201 3274 1383 3341 Edwardus
1415 3247 1438 3281 ω
1456 3249 1482 3297 5⁶

331 3375 367 3439 in
402 3376 545 3449 lacrimis
578 3396 691 3441 eorum
721 3395 797 3441 cum
818 3396 886 3439 non
917 3380 1129 3440 moverentur
1162 3376 1229 3455 elii,
1261 3382 1383 3443 terram

333 3497 408 3541 cum
438 3477 560 3563 scopha
585 3476 671 3541 adiit
700 3479 735 3540 et
765 3475 802 3539 in
823 3496 926 3540 naves
949 3496 1024 3539 suas
1048 3475 1195 3562 singulus
1218 3477 1381 3565 adaptans

332 3599 387 3643 eos
424 3580 585 3665 praemisit
622 3600 735 3643 omnes
772 3581 851 3642 ante
889 3598 933 3655 se,
971 3584 1006 3643 et
1043 3578 1090 3645 sic
1137 3580 1270 3645 demum
1308 3602 1384 3647 cum

332 3682 461 3746 caeteris
494 3680 616 3746 laxatis
648 3678 731 3744 velis
765 3684 800 3743 et
836 3699 925 3743 mare
963 3679 1093 3745 sulcans
1124 3680 1290 3766 profectus
1324 3687 1383 3747 est

333 3781 484 3867 Septimo
529 3787 642 3849 autem
687 3781 741 3846 die
778 3781 1010 3866 applicuerunt
1047 3802 1159 3847 omnes
1197 3784 1234 3847 in
1282 3806 1383 3870 regno
1397 3799 1552 3865 Anchorage

333 3884 455 3953 Siciliae
478 3907 520 3951 ex
545 3883 695 3971 opposito
717 3883 866 3948 civitatis
888 3883 930 3948 de
952 3882 1097 3969 Trapes⁶
1120 3886 1264 3951 secundo
1287 3888 1383 3972 quasi
1396 3867 1505 3996 ἔξω

331 3988 384 4054 die
418 3993 497 4055 anto
534 3988 656 4053 festum
700 3983 923 4071 apostolorum
959 3984 1114 4071 Symonis
1146 3992 1181 4052 et
1216 3987 1314 4054 Judae
1349 3997 1384 4056 et
1458 3969 1464 3983 ’

331 4089 413 4155 hora
446 4089 541 4175 quasi
562 4108 651 4153 nona
672 4091 708 4151 et
729 4084 1007 4152 anchoriavenmt
1029 4087 1064 4151 iu
1087 4087 1170 4152 mari
1193 4087 1261 4153 alto
1295 4089 1385 4174 plus·

365 4491 374 4524 ¹
391 4488 497 4555 contra]
511 4502 561 4539 om.
581 4488 624 4547 A„
636 4487 682 4535 but
697 4484 780 4536 added
798 4498 832 4534 ou
915 4484 927 4518 ⁴
942 4484 1085 4550 Dirpicuit,
1097 4486 1153 4537 MS.

331 4570 444 4679 ιιιζῑςὶω
462 4567 558 4618 iuMS.
569 4566 591 4615 it
602 4566 689 4616 stands
699 4565 727 4615 in
737 4571 772 4627 ρ’.
915 4560 1117 4693 :il’eerrn'tp‘nezp
1127 4565 1183 4614 ΜΕ.

1183 4816 1252 4881 32
