3625 5784
434 913 477 979 14
791 923 939 974 unsaros
963 921 1145 972 uniames

434 1121 590 1191 feriendos,
613 1121 665 1196 qui
688 1121 736 1178 dei
770 1121 875 1178 timore
898 1127 995 1179 taetus
1027 1120 1109 1178 misit
1130 1139 1180 1178 sos
1201 1121 1240 1178 ad
1270 1139 1370 1194 regem
1401 1119 1489 1177 Hun-

433 1213 524 1284 garise
547 1211 617 1269 vitas
640 1210 838 1278 misnenses,
855 1218 885 1269 et
907 1210 966 1268 cito
989 1215 1055 1284 post
1077 1211 1249 1268 Edrnundus
1264 1211 1347 1267 duxit
1369 1227 1488 1267 uxorem

434 1301 526 1358 tiliam
557 1303 636 1374 regis
667 1300 842 1372 Brugetia,
876 1307 907 1357 et
941 1302 1001 1357 sito
1031 1305 1097 1372 post
1129 1299 1192 1356 sine
1224 1300 1325 1358 liberis
1347 1299 1489 1356 dueoesit.

435 1391 594 1448 Edwardus
616 1391 701 1449 duxit
723 1389 873 1462 Agatham
895 1389 988 1447 filiam
1011 1389 1134 1446 Henriei
1165 1389 1350 1462 imperatoris
1372 1390 1409 1445 de
1432 1407 1489 1462 qna

434 1479 538 1553 genuit
576 1486 707 1537 sanatam
742 1479 939 1551 Margarntam
971 1479 1105 1551 reginam
1144 1479 1261 1536 Sestias.
1314 1479 1489 1536 Maleolmus

435 1570 540 1642 genuit
562 1569 598 1626 de
621 1569 700 1625 dieta
722 1567 888 1639 Margareta
911 1568 1054 1624 Matilden
1078 1586 1144 1640 quae
1175 1573 1276 1640 postea
1298 1568 1356 1626 luit
1385 1568 1490 1640 regina

434 1659 554 1732 Angliae
589 1677 642 1732 per
673 1658 836 1714 Henrieum
869 1658 998 1730 primum
1031 1658 1126 1713 filium
1162 1657 1384 1732 conquestoris,
1411 1658 1489 1714 dent

435 1749 512 1805 infra
535 1748 650 1820 plenius
684 1746 804 1820 patebit,
828 1749 878 1818 qui
901 1766 966 1803 eam
999 1747 1103 1803 habuit
1124 1765 1245 1804 uxorem
1267 1753 1297 1804 et
1327 1749 1431 1819 gennit
1452 1765 1488 1803 ex

434 1855 468 1893 ea
506 1837 661 1892 Matildsm
691 1836 919 1908 imperatricem,
953 1836 989 1892 de
1027 1853 1085 1908 qna
1115 1836 1198 1892 venit
1231 1837 1378 1894 Henriens
1410 1837 1488 1893 filins

436 1926 628 1998 imperatricis
666 1931 696 1981 et
733 1923 984 1982 sanctimonialem
1023 1915 1243 1982 Christianam¹
1278 1933 1308 1982 et
1337 1926 1486 1998 Edgarum

349 2069 351 2074 ,
435 2013 572 2085 Adeling.
619 2013 808 2071 Postmodum
824 2021 942 2072 sanetus
958 2014 1117 2071 Edwardus
1139 2015 1230 2070 istum
1246 2015 1396 2088 Erigarnm
1418 2033 1486 2088 pre·

436 2111 571 2176 posuerat
593 2103 738 2160 haeredem
762 2104 880 2176 Angliae
904 2103 1016 2170 sedisse,
1040 2103 1092 2160 sed
1114 2104 1222 2160 timens
1252 2105 1328 2160 filios
1351 2103 1484 2161 Godwini

436 2192 551 2249 domitis
588 2192 707 2250 Kantiae
745 2199 775 2249 et
813 2193 939 2266 proprias
978 2193 1076 2264 gentis
1106 2192 1267 2266 nequitiam
1306 2194 1487 2250 willelmum

436 2283 639 2339 Normannnm
660 2281 820 2354 adoptavit.

481 2373 544 2428 Rex
568 2371 699 2428 Oanutus
732 2376 767 2427 ut
797 2371 911 2426 firmius
945 2388 1069 2442 regnum
1103 2372 1159 2427 sibi
1192 2373 1369 2442 astringeret
1403 2371 1488 2428 duxit
1500 2366 1583 2482 gfff
1596 2363 1644 2414 ⁰⁰¹·

436 2477 554 2517 uxorem
577 2461 712 2518 Emmam
746 2461 890 2532 reginam,
913 2462 991 2532 ragis
1027 2461 1162 2533 Egelredi
1186 2461 1332 2534 quondam
1355 2479 1486 2528 uxorem,

436 2551 472 2606 de
495 2567 552 2623 qua
575 2552 679 2621 gennit
701 2551 933 2607 Hardeenutum.

481 2643 559 2709 Post
589 2644 660 2710 haee
683 2645 719 2708 in
741 2645 853 2710 natale
877 2643 1014 2709 Domini
1038 2649 1112 2710 orta
1141 2651 1192 2710 est
1215 2644 1379 2710 discordia
1401 2645 1489 2708 inter

437 2766 545 2830 regem
569 2751 602 2810 et
626 2744 788 2832 perfidum
814 2743 984 2821 Edricum,
1007 2749 1042 2809 et
1065 2745 1115 2810 ait
1138 2743 1278 2811 Edrieus
1301 2747 1429 2832 regi,-

269 2861 372 2924 Quarrel
483 2857 499 2881 ‘¹
516 2847 696 2913 Karissime
731 2869 797 2923 rex,
831 2867 898 2912 uon
922 2846 1085 2912 deberetis
1117 2845 1199 2910 mihi
1237 2867 1352 2934 aspere
1390 2846 1490 2933 loqui,

268 2929 424 3048 &mles
437 2959 454 2984 “
477 2971 538 3014 nee
560 2949 688 3034 aliquid
711 2931 790 3014 mali
813 2949 885 3034 pati
915 2947 1030 3012 inferri
1061 2947 1153 3013 mihi.
1199 2946 1288 3014 Nam
1318 2969 1489 3034 nunquam

269 3061 399 3138 mette
437 3057 453 3085 “
476 3051 663 3140 gauderetis
686 3051 726 3116 de
750 3071 851 3138 regno
867 3048 998 3137 Angliae
1020 3049 1142 3137 adepto
1165 3051 1193 3114 si
1215 3071 1365 3138 egenen
1388 3052 1490 3117 inter·

269 3135 362 3180 ‘'m“
438 3161 455 3188 “
478 3155 661 3233 venissem3
685 3173 761 3218 nam
784 3154 955 3239 proprium
971 3151 1142 3218 dominum
1166 3174 1226 3239 pro
1247 3151 1358 3220 amere
1380 3159 1491 3219 vestro

440 3253 596 3339 “reliqui
634 3255 671 3317 in
708 3259 840 3318 tantum
876 3253 965 3340 quod
997 3259 1136 3319 mortem
1171 3254 1242 3338 ejus
1272 3275 1332 3342 pro
1362 3255 1491 3342 integre

438 3363 456 3390 ‘¹
480 3376 581 3442 regno
596 3355 691 3421 vobis
705 3354 899 3422 adducendo
916 3356 1155 3441 praeoccupavi,
1173 3356 1304 3442 justum
1320 3358 1492 3424 dominum

439 3467 456 3494 “
480 3457 643 3544 [meum‚]²
665 3479 775 3524 meum
799 3459 922 3544 legium
945 3458 1181 3538 interficiendo,
1205 3467 1240 3526 et
1269 3467 1339 3526 tam
1373 3460 1490 3526 leviter

439 3567 458 3598 ‘¹
481 3565 611 3626 tantam
635 3559 844 3626 dilectionem
868 3560 1021 3626 collatam
1044 3561 1357 3647 parvipenditis³s”

271 3673 426 3753 ntrusgans
484 3661 567 3729 Haee
590 3661 678 3726 dixit
700 3667 778 3727 ante
809 3660 986 3748 prandium
1020 3683 1128 3727 eoram
1151 3663 1372 3730 audientibus.
1419 3665 1491 3731 Rex

270 3741 395 3793 ΜΝ·
440 3763 518 3829 inde
550 3764 713 3829 attonitus
745 3768 779 3828 et
802 3761 974 3828 iracundia
1011 3768 1120 3829 motus
1151 3771 1186 3830 et
1218 3767 1360 3853 inagn0⁴
1382 3766 1493 3834 dolore

442 3871 561 3944 taetus,
583 3887 625 3930 ns
648 3863 733 3931 forte
756 3866 1002 3950 suspicarentur
1023 3866 1196 3931 audientes
1226 3869 1334 3954 ipsum
1358 3869 1402 3934 ad
1431 3871 1493 3938 hoe

441 3989 609 4034 assensum
634 3967 812 4054 praebuisse
858 3976 875 4001 “
888 3966 1125 4053 Nequissime‚”
1148 3969 1267 4055 inquit,
1292 3969 1492 4038 “hominum

440 4082 457 4108 “
481 4078 516 4138 et
539 4070 755 4157 putidissime
790 4067 963 4155 prodit0r3
999 4071 1169 4156 proprium
1192 4071 1364 4138 dominum
1395 4081 1492 4140 tuum

440 4181 457 4208 “
480 4171 603 4257 legium
626 4191 735 4256 regem
753 4168 900 4235 oeeidisti
916 4170 971 4236 eui
994 4170 1101 4236 fidelis
1115 4172 1323 4258 apparebas.''
1368 4175 1491 4242 Statim

436 4272 543 4365 jussit
560 4272 656 4360 ligari
681 4291 799 4337 manus
823 4278 858 4336 et
880 4271 979 4356 pedes
1002 4276 1036 4336 et
1059 4273 1149 4337 mitti
1171 4274 1207 4338 in
1229 4295 1331 4340 unam
1353 4277 1491 4342 fundam

442 4373 558 4459 [eum]⁶
582 4371 735 4440 maehina
758 4377 792 4437 et
822 4371 925 4458 proisi
956 4393 1016 4458 per
1037 4373 1217 4441 fenestram
1241 4376 1285 4442 ab
1307 4377 1377 4444 alta
1406 4380 1491 4444 turri

475 4697 482 4730 ¹
503 4694 670 4756 Christianus,
681 4693 759 4760 lilgd.
1024 4685 1035 4716 ⁴
1051 4699 1138 4750 rayno,
1149 4687 1206 4740 MS.
1216 4703 1309 4744 errore

472 4775 577 4826 ’hem
588 4773 624 4824 Δ.
1025 4765 1131 4822 'Fron
1141 4769 1177 4820 Δ.

474 4855 485 4888 ⁸
499 4851 705 4920 parvipendatis,
714 4851 771 4906 MS.
783 4851 833 4902 sud
845 4853 877 4903 A.
