3625 5784
165 2574 246 2624 2876.

616 884 885 937 umcssrnmsrs
907 887 1118 940 cnuonrcos.
1322 875 1386 940 116

333 1092 413 1131 remo
443 1080 544 1133 tumen
575 1081 706 1151 tempore
737 1083 821 1151 poter
850 1085 952 1136 eontra
981 1097 1047 1135 enm
1073 1079 1145 1135 sdso
1169 1085 1215 1136 est
1238 1078 1384 1148 incensus,

334 1165 411 1237 qnod
433 1183 501 1222 eum
523 1166 696 1224 hereditate
717 1167 839 1239 Angliae
868 1169 1007 1241 privavit,
1031 1169 1171 1226 eomitetu
1194 1167 1384 1227 Normsnniae

334 1253 385 1310 vix
414 1255 443 1311 ei
476 1255 587 1314 relieto.
641 1258 679 1313 In
710 1263 788 1314 terre
814 1265 916 1315 musta
938 1259 1032 1315 mults
1054 1259 1172 1332 egregia
1194 1259 1291 1332 gessit
1337 1258 1385 1314 Its

334 1342 441 1416 ubique
462 1344 606 1402 mirabilis
628 1353 664 1402 ut
684 1365 836 1421 nunqnsm
857 1367 912 1421 per
933 1347 1134 1406 Christianum
1157 1353 1208 1406 sut
1232 1349 1384 1420 Pegsnum

335 1432 371 1490 de
393 1451 468 1508 equo
497 1434 585 1507 dejici
616 1436 723 1509 potuit.
769 1437 903 1511 Denique
934 1455 1002 1494 oum
1037 1437 1068 1494 in
1101 1438 1227 1496 Ssbbsto
1249 1437 1384 1495 Pssobsli

335 1523 412 1595 spud
447 1525 657 1599 lerosolymam
680 1527 758 1583 inter
791 1533 913 1584 oaeteros
935 1533 1043 1585 esteret
1065 1527 1257 1596 Christianos,
1280 1545 1384 1600 expeo-

334 1617 401 1668 tsns
435 1613 536 1686 ignem
568 1633 649 1672 more
680 1616 767 1672 solito
800 1617 837 1673 de
874 1617 1008 1690 supernis
1045 1617 1078 1674 in
1112 1635 1227 1675 nereum
1261 1615 1386 1689 alicujus

335 1703 517 1771 deseendere,
552 1722 651 1762 oeneus
688 1705 752 1778 ejus
791 1705 934 1763 divinitus
971 1725 1109 1765 aseensus
1147 1713 1200 1772 eet,
1239 1705 1317 1764 unde
1355 1711 1385 1762 et

335 1792 372 1848 sb
417 1795 552 1850 omnibns
589 1794 621 1850 in
659 1813 760 1866 regern
797 1797 1042 1870 Ierosolymorum
1086 1798 1196 1854 eleotus
1240 1801 1294 1862 est,
1335 1795 1385 1852 sed

335 1881 436 1939 audite
471 1889 566 1940 morte
600 1885 700 1941 fratris
731 1885 778 1941 sni
809 1886 889 1957 regis
919 1885 1049 1958 Anglire¹
1084 1903 1209 1958 regnum
1241 1886 1384 1958 lerosoly-

335 1973 482 2029 mitenum
517 1975 674 2040 reeusarit,
708 1993 768 2031 non
804 1976 977 2032 reverentior
1014 1976 1149 2032 contuitu
1181 1975 1231 2033 sed
1257 1980 1309 2032 out
1341 1975 1384 2031 ls-

335 2061 414 2118 boris
442 2067 534 2131 metu,
557 2069 610 2120 sut
642 2065 727 2136 regni
761 2064 920 2136 Angliosni
942 2065 1088 2138 cupidine.
1135 2065 1199 2136 Qus
1232 2065 1269 2122 de
1300 2081 1386 2121 osuss

336 2170 487 2224 nnnqusm
532 2153 718 2226 postmodum
764 2155 796 2209 in
842 2154 920 2211 bello
969 2155 1135 2212 fortunatus
1181 2153 1248 2212 fuit.
1326 2153 1386 2210 Hie

337 2259 452 2315 quoque
491 2242 524 2298 in
560 2243 709 2299 redeundo
754 2244 791 2300 de
836 2244 1016 2318 lerosolymn
1060 2244 1145 2301 duxit
1189 2243 1222 2301 in
1266 2259 1386 2301 uxorem

338 2331 430 2388 filism
456 2332 599 2388 Willelmi
631 2333 667 2388 de
692 2334 843 2389 Averssns
874 2335 906 2388 in
938 2333 1058 2408 Apulis,
1072 2333 1244 2390 ,mulierem
1276 2337 1387 2406 spectu·

339 2419 460 2480 tiesimre
482 2422 594 2489 loimae,
619 2440 707 2494 qusm
728 2428 795 2495 post
816 2441 923 2496 psuoos
952 2441 1045 2480 snnos
1076 2423 1177 2480 morbo
1206 2423 1306 2480 emisit
1336 2422 1387 2479 de-

165 2504 317 2568 T'lwl·
339 2517 454 2584 osptsm
477 2517 511 2567 ut
533 2511 635 2568 dieunt
659 2513 823 2568 obstetricis
852 2513 985 2582 oonsilio,
1009 2531 1076 2586 quae
1107 2512 1212 2584 ligurit
1245 2529 1388 2570 msmmss

339 2599 402 2672 ejus
433 2607 500 2674 post
531 2607 648 2674 portum
679 2602 828 2659 effluentes
858 2603 934 2658 lsote
955 2601 1234 2659 habundantissime.
1279 2600 1388 2658 silium

339 2696 437 2747 temen
474 2691 578 2747 bnbuit
614 2692 740 2764 egregins
778 2691 886 2749 indolis
917 2693 1107 2750 willelmum.
1165 2691 1222 2747 Pro
1259 2690 1389 2748 foeminoe

338 2781 484 2837 connubio
511 2781 658 2837 infinitam
682 2786 836 2855 pecuniam
862 2781 980 2838 nomine
1005 2782 1081 2838 dotis
1108 2785 1254 2853 reeeptem
1281 2779 1388 2836 Robor-

338 2876 386 2926 tus
424 2871 483 2927 cito
518 2870 700 2944 dilspidnvit.
760 2872 799 2928 In
828 2871 971 2944 Angliem
1002 2869 1122 2928 veniens
1152 2874 1188 2925 ut
1218 2868 1303 2926 fratri
1338 2885 1390 2924 suo

339 2960 467 3017 Henrioo
501 2959 641 3032 Anglinm
680 2961 860 3034 praeriperet,
896 2959 1017 3017 oolleeto
1054 2959 1247 3032 undecunque
1285 2957 1390 3031 grsndi

339 3050 469 3109 exercitu
491 3051 569 3123 sputi
591 3050 813 3107 Portesmudem
835 3050 989 3123 applicuit,
1013 3049 1064 3105 sed
1086 3048 1283 3105 medisntibus
1304 3047 1391 3120 regni

341 3140 576 3212 prudentioribus
605 3158 641 3196 es
670 3140 837 3196 conditione
867 3159 925 3212 psx
949 3141 1107 3195 reformets
1132 3143 1177 3195 est
1199 3143 1235 3194 ut
1264 3135 1390 3209 singulis

343 3229 427 3284 snnis
465 3230 610 3286 Bobertus
646 3230 706 3285 tris
742 3229 838 3285 millis
874 3247 1037 3286 mersurum
1075 3227 1245 3301 perciperet,
1278 3231 1308 3282 et
1340 3225 1391 3300 qui

343 3319 434 3376 sltero
456 3319 655 3392 superviveret
675 3319 770 3375 hieros
795 3320 916 3376 ulterius
945 3321 1029 3386 foret,
1053 3319 1078 3375 si
1102 3323 1200 3375 temen
1225 3317 1288 3374 sine
1315 3335 1391 3373 mse·

344 3409 408 3464 culo
430 3409 548 3466 hoerede
570 3409 729 3466 decederet
776 3409 835 3466 Sed
850 3427 927 3466 anno
943 3409 1075 3482 sequenti
1090 3409 1235 3465 Robertus
1250 3406 1392 3478 Anglism

343 3499 463 3555 veniens
500 3499 538 3555 sd
575 3498 747 3571 petitionem
784 3498 919 3555 Mutildis
955 3498 1065 3570 reginae
1103 3497 1185 3554 illem
1223 3497 1392 3570 pensionem

342 3588 464 3646 remisit.
519 3588 595 3644 Inde
617 3588 762 3644 Bobertus
783 3589 898 3644 rediens
929 3587 1007 3662 apud
1029 3588 1214 3645 Normsnnos
1235 3588 1392 3659 pervipen-

342 3695 390 3732 sus
428 3683 493 3744 est;
531 3678 564 3733 in
607 3683 724 3734 tentum
761 3678 839 3751 quod
875 3677 1040 3734 Normsnni
1078 3677 1257 3734 sdvooerunt
1293 3693 1392 3748 regem

343 3766 505 3824 Henrionm
537 3773 640 3824 oontrs
671 3767 841 3835 Bobertmn,
876 3768 929 3840 qui
961 3766 1070 3840 pluries
1108 3767 1268 3823 sdventsne
1299 3771 1392 3821 telem

342 3856 556 3913 Normsnnisrn
577 3857 733 3931 praeoipuit
754 3857 898 3931 poulstim
920 3857 1048 3930 exeeptis
1071 3857 1244 3928 Rotomsgo,
1266 3853 1393 3911 Osdomo

342 3951 372 4001 et
406 3946 549 4012 Phslesio,
582 3945 615 4002 in
653 3947 758 4019 quibus
791 3947 910 4003 urbibus
942 3947 1085 4004 Robertus
1116 3947 1225 4019 possim
1248 3932 1393 4028 regotur.l

344 4034 406 4106 Qus
428 4037 465 4092 de
486 4054 518 4093 re
541 4035 734 4093 Osdomenses
756 4036 860 4093 offensi
881 4055 981 4109 regem
1000 4035 1162 4093 Henrioum
1185 4035 1393 4101 invitaverunt,

342 4129 372 4180 et
393 4131 492 4198 portes
515 4143 582 4182 suus
605 4131 707 4183 oontm
729 4127 889 4183 Robertum
919 4128 1094 4183 clauserunt.
1152 4123 1226 4180 Inde
1249 4122 1394 4180 Robertus

343 4231 408 4270 eum
454 4216 516 4272 solo
560 4216 706 4288 armigero
743 4216 940 4288 Rotomagum
977 4215 1094 4287 fugiens
1132 4211 1275 4268 auxilinm
1315 4209 1394 4281 regis

342 4303 521 4361 Pmncorum
558 4311 588 4361 et
626 4305 742 4362 comitis
775 4306 923 4362 Flsndriae
957 4303 1133 4377 imploravit.
1194 4301 1258 4371 Quo
1294 4303 1394 4356 temen

342 4394 473 4450 totaliter
503 4394 660 4451 destitutus
691 4395 842 4470 publieum
868 4394 979 4452 bellum
1001 4399 1103 4450 contre
1126 4391 1246 4446 fratrem
1268 4403 1394 4461 sttemp·

342 4488 409 4538 tens
439 4484 536 4541 rietus
569 4490 614 4541 est
645 4490 676 4542 et
706 4491 826 4558 osptusf
842 4503 877 4541 so
909 4483 1004 4557 quood
1035 4482 1111 4540 vixit
1144 4479 1255 4537 soilioet
1286 4495 1340 4552 per
1369 4477 1395 4536 7.

343 4589 435 4629 annos
457 4574 643 4647 postmodum
665 4574 697 4630 in
720 4574 852 4631 custodis
874 4574 1017 4631 detentus.

730 4820 738 4853 ¹
758 4819 1001 4886 vaqatasurAEigu
