3625 5784
496 861 502 874 ·
586 833 857 887 nnronsrnnnsrs
879 831 1092 885 canonicos.
1305 815 1368 884 187

316 1019 478 1096 redeunti,
516 1017 608 1082 misit
639 1017 675 1080 in
711 1014 868 1102 Angliam
906 1016 990 1082 duos
1024 1016 1153 1104 legatos
1186 1017 1371 1083 cardinales

315 1142 390 1186 oum
432 1119 640 1207 plenitudine
671 1118 856 1206 potestatis,
894 1119 952 1204 qui
983 1119 1188 1185 omnimodas
1226 1118 1370 1186 eeclesiae

316 1244 429 1288 causas
453 1227 487 1288 et
519 1222 605 1308 regis
628 1220 796 1286 molestias
827 1221 1050 1307 ponderarent
1086 1226 1122 1286 et
1158 1222 1225 1287 fine
1257 1222 1370 1287 debito

316 1325 540 1390 terminarent.
603 1322 782 1388 Venientes
825 1328 939 1388 autem
986 1323 1030 1388 ad
1075 1345 1197 1410 regem,
1241 1324 1286 1390 ab
1330 1347 1369 1390 eo
1381 1329 1483 1379 arrival

314 1427 491 1492 honorifice
514 1425 658 1511 suscepti
682 1430 769 1502 sunt,
802 1429 836 1490 et
858 1425 1069 1490 induxerunt
1091 1446 1167 1490 eum
1189 1427 1226 1490 in
1249 1428 1366 1513 primis
1381 1396 1494 1528 fefgffl

315 1533 354 1594 ut
377 1550 488 1594 ornnes
511 1527 686 1593 exulantes
709 1531 743 1592 ct
765 1546 823 1612 pro
841 1527 918 1612 jure
946 1527 1089 1592 ccclesiae
1112 1528 1311 1614 proscriptos
1326 1529 1369 1594 ad

315 1631 447 1715 propria
469 1633 638 1695 revocaret
660 1633 695 1693 et
717 1626 758 1693 ad
784 1627 895 1694 omnia
918 1629 1122 1693 restitueret.
1170 1628 1245 1709 Quo
1267 1629 1369 1709 lactc,

315 1730 393 1796 licet
425 1731 526 1797 variis
568 1731 661 1795 varic
697 1729 916 1807 censentibus,
951 1735 1131 1815 antequam
1172 1732 1369 1799 beneficium

316 1832 532 1898 absolutionis
553 1837 663 1918 posset
678 1832 858 1918 promereri
874 1831 916 1896 de
939 1831 1044 1897 libero
1066 1831 1147 1898 fecit
1170 1855 1205 1900 ee
1228 1855 1369 1916 servum,
1382 1839 1501 1905 unguas

317 1941 351 2001 et
390 1935 431 2000 de
478 1935 670 2000 dominante
716 1934 925 2010 servientem,
972 1939 1159 2020 terramque
1197 1937 1342 2023 Anglam
1358 1907 1530 2035 Ῑζζῗῗξῗξὲ

316 2037 411 2125 quae²
433 2060 502 2104 esse
525 2037 652 2104 solebat
685 2036 789 2101 libera
812 2041 847 2102 et
878 2037 922 2102 ab
946 2037 1040 2101 omni
1071 2038 1233 2104 servitute
1257 2042 1371 2126 quieta
1384 2041 1462 2104 Pope.

317 2141 395 2206 feeit
426 2139 638 2205 tributariam
662 2143 697 2203 et
730 2137 884 2203 ancillam
920 2139 1157 2225 pedissequam,
1193 2143 1371 2228 subjectio-

317 2241 480 2328 nemque³
503 2262 597 2306 suam
620 2239 831 2306 confirmavit
861 2241 1103 2327 perscriptum
1127 2263 1226 2308 suum
1258 2245 1294 2310 in
1316 2245 1370 2312 his

317 2345 428 2410 verbis
452 2347 658 2429 conceptum.

330 2429 334 2438 '
362 2453 379 2481 u
394 2443 587 2512 Johennes⁴
609 2444 662 2508 uei
685 2444 795 2530 graus
811 2443 884 2508 nex
900 2445 1032 2530 nngnae
1048 2453 1108 2513 eu.
1147 2449 1371 2517 universes
1385 2452 1479 2503 John’s

320 2557 339 2584 ‘¹
362 2553 483 2613 vestra¹
507 2545 666 2633 perhanc
688 2551 813 2611 cartam
829 2566 929 2611 aurea
951 2547 1045 2613 bulla
1066 2555 1181 2614 nostra
1203 2553 1369 2618 munitam
1385 2520 1526 2636 iffi&

319 2650 512 2714 “volumus
547 2669 615 2713 esse
651 2653 776 2724 notum,
800 2647 888 2733 quod
926 2669 1001 2712 cum
1036 2650 1133 2715 deum
1166 2658 1201 2717 et
1232 2660 1371 2720 matrem
1386 2652 1450 2702 ⁸³⁰⁰·

322 2758 339 2787 ‘¹
362 2757 510 2817 nostram
526 2755 674 2816 sanctam
689 2749 860 2816 ecclesiam
878 2747 1109 2816 offenderimus
1126 2753 1185 2816 in⁵
1200 2755 1323 2833 multis,
1340 2763 1374 2822 et

320 2853 496 2939 “proinde
520 2852 635 2917 divina
669 2851 892 2918 misericordia
915 2851 1064 2939 indigere
1096 2876 1280 2934 noscamus,
1312 2880 1373 2924 nec

319 2964 336 2994 “
359 2955 440 3041 quid
456 2955 544 3041 quod
560 2953 659 3040 digne
675 2953 790 3019 offerre
806 2975 980 3040 possumus
997 2977 1056 3040 pro
1071 2957 1297 3024 satisfactione
1312 2960 1374 3026 deo

320 3065 337 3092 “
360 3064 395 3123 et
416 3056 560 3122 ecclesias
576 3054 725 3121 facienda
740 3055 806 3120 nisi
829 3077 889 3121 nos
912 3056 999 3142 ipsos
1022 3057 1200 3124 habeamus
1215 3066 1250 3126 et
1272 3078 1507 3149 regnaneserip-

319 3166 338 3194 “
361 3163 481 3236 nostra,
498 3157 712 3242 volentesque
728 3178 787 3221 nos
810 3157 897 3242 ipsos
921 3157 1095 3225 humiliare
1118 3183 1178 3247 pro
1192 3163 1250 3228 illo
1266 3165 1324 3250 qui
1338 3187 1373 3230 se
1385 3144 1486 3262 {2⁰¹3ss
1507 3213 1527 3262 ’s

321 3270 338 3295 “
361 3281 419 3346 pro
441 3259 536 3325 nobis
559 3259 751 3324 humiliavit
775 3281 878 3344 usque
901 3260 945 3325 ad
967 3267 1116 3340 mortem,
1131 3264 1241 3347 gratia
1264 3267 1371 3332 sancti
1386 3229 1505 3330 ostenae.g

321 3371 337 3397 ‘⁴
361 3363 498 3448 spiritus
519 3361 713 3447 inspirante,
736 3381 803 3426 non
826 3361 860 3424 vi
896 3361 1024 3428 inducti
1047 3369 1108 3429 aut
1129 3366 1248 3431 timore
1270 3369 1374 3434 eoacti

323 3473 341 3500 “
363 3467 420 3531 sed
443 3470 558 3531 nostra
578 3465 723 3532 bonnet
746 3470 929 3550 spontanea
951 3466 1125 3533 voluntate
1148 3489 1187 3535 ac
1208 3473 1374 3536 communi

323 3575 340 3602 ‘¹
363 3567 498 3634 oonsilio
524 3565 682 3632 baronum
706 3570 901 3644 nostrorum,
919 3567 1084 3634 offerimus
1107 3575 1142 3635 et
1172 3571 1273 3638 libere
1300 3596 1376 3639 con·

324 3677 340 3703 “
363 3669 508 3736 cedimus
532 3668 593 3733 deo
616 3672 651 3732 et
673 3667 797 3734 sanctis
820 3669 979 3754 apostolis
1001 3669 1073 3755 ejus
1097 3671 1196 3739 Petro
1213 3680 1247 3739 et
1276 3673 1376 3741 Paulo

324 3777 341 3807 “
365 3776 399 3837 et
420 3777 545 3837 sanctae
567 3771 725 3836 Romanae
747 3768 890 3836 ecclesiae
913 3772 1013 3836 metri
1037 3780 1159 3839 nostrae
1181 3797 1221 3842 ac
1243 3778 1377 3844 domino

325 3880 340 3910 “
364 3878 478 3939 nostro
501 3894 594 3961 papas
611 3871 808 3938 Innocentio
824 3873 924 3938 tertio
947 3874 1105 3961 ejmque⁶
1120 3877 1290 3946 catholicis
1305 3902 1376 3948 suo·
1389 3881 1444 3930 The
1455 3882 1537 3932 whole

325 3985 341 4012 “
364 3975 555 4054 sessoribus,
589 3981 699 4041 totum
723 3995 858 4060 regnum
884 3975 1016 4062 Anglire
1039 3983 1074 4044 et
1097 3985 1206 4046 totum
1240 4003 1378 4070 regnum
1389 3949 1540 4064 mm.

327 4083 344 4110 “
368 4076 537 4142 Hiberniae
553 4097 627 4142 oum
643 4075 732 4141 omni
744 4074 820 4158 jure
836 4096 875 4142 ac
889 4078 1101 4163 pertinentiis
1116 4102 1174 4166 pro
1190 4083 1379 4149 remissione
1390 4079 1443 4143 jeci
1453 4086 1481 4130 ¹⁰
1492 4081 1536 4131 the

329 4189 345 4216 “
368 4181 517 4246 omnium
533 4183 740 4265 peccatorum
756 4183 944 4245 nostrorum
960 4187 995 4245 et
1009 4184 1114 4248 totius
1129 4187 1259 4270 generis
1273 4189 1379 4253 nostri
1392 4161 1497 4210 Μ’

967 4349 1024 4357 -ὴ

360 4441 369 4474 ¹
387 4437 516 4505 Aequam,
528 4438 586 4489 MS.
880 4429 976 4483 zucra
997 4433 1161 4499 subp‘ectr'onis
1179 4450 1233 4484 cum
1249 4434 1381 4499 fidelitate

360 4521 371 4556 ²
388 4535 444 4585 qna
456 4534 509 4569 csse
520 4515 628 4584 solebat]
644 4517 743 4568 written
756 4515 829 4567 twice
872 4511 960 4574 sacta.

330 4615 390 4651 over
400 4599 429 4649 in
440 4598 498 4649 Ms.
913 4593 923 4624 ⁶
941 4593 983 4659 in]
1003 4609 1054 4644 om.
1065 4595 1121 4646 MS·

361 4676 448 4743 Ἵνα]
467 4673 605 4741 quintis.
913 4671 1056 4739 ‘ejucqad
1076 4673 1143 4725 from
1171 4674 1228 4736 A.;
1264 4675 1380 4742 ejudem,

361 4757 460 4808 ⁴Here
488 4769 523 4806 on
558 4753 620 4805 both
657 4751 770 4820 margins
804 4753 827 4804 is
876 4749 932 4801 MS.
