3625 5784
775 894 923 946 HENRIGI
946 894 1129 944 strenuos

812 1168 926 1256 [car.
950 1167 1070 1256 v11.]1

408 1375 681 1540 'Venerabilis'
703 1392 861 1465 Gregorius
892 1392 933 1465 vj.
965 1393 1046 1465 prius
1078 1393 1174 1450 dictus
1198 1393 1361 1452 Gracianns
1388 1396 1465 1454 sedit
1482 1399 1618 1468 Higdsti.

531 1491 629 1558 postes
652 1483 740 1540 annis
765 1485 791 1539 2.
836 1483 893 1540 Vir
916 1482 971 1539 iste
993 1501 1109 1556 magnae
1130 1483 1283 1556 religionis
1305 1493 1335 1542 et
1357 1487 1465 1545 severi·
1482 1471 1604 1519 ¹⁵⁰’¹⁶⁰·

407 1571 477 1628 tatis
500 1577 586 1632 homo
602 1579 666 1630 erat
684 1597 690 1640 ;
716 1574 766 1646 qui
789 1577 897 1628 statum
913 1573 1040 1630 Romani
1061 1579 1185 1646 papatus
1208 1575 1279 1632 adeo
1302 1577 1463 1650 collapsum

408 1663 533 1733 invenit,
558 1670 592 1720 ut
622 1667 732 1738 prater
755 1681 849 1736 panca
871 1663 980 1736 oppida
1010 1663 1076 1719 urbi
1108 1663 1207 1720 vicina
1240 1669 1271 1722 at
1303 1666 1463 1724 oblationes

409 1751 539 1811 fidelium
572 1754 623 1812 vix
658 1753 815 1826 quicquam
848 1771 899 1824 pro
933 1771 963 1808 se
996 1759 1026 1809 et
1055 1753 1253 1812 cardinalibus
1284 1755 1322 1811 ad
1353 1755 1465 1814 victum

409 1841 537 1912 haberet,
554 1845 675 1916 reliquoe
699 1862 716 1898 a
738 1842 926 1915 pradonibus
948 1848 1000 1899 aut
1023 1844 1128 1899 ablatas
1143 1850 1196 1899 aut
1218 1863 1355 1917 possessas
1370 1853 1464 1914 erant,

409 1933 480 1992 adeo
503 1940 537 1988 ut
561 1934 632 2006 ipsus
656 1931 817 1988 oblationes
840 1932 894 1987 snb
916 1932 1036 1988 nudatis
1053 1932 1160 2004 gladiis
1176 1934 1213 1989 ab
1237 1935 1307 2008 ipsis
1323 1936 1465 1994 altaribus

410 2023 531 2096 direptas
557 2023 673 2077 fuerant
697 2027 748 2077 aut
774 2021 806 2076 in
832 2021 930 2077 stratis
954 2022 1081 2095 puplicis
1104 2021 1291 2094 depraedatas.
1338 2025 1464 2096 Quamo-

408 2112 489 2168 brem
512 2117 656 2170 cessatum
679 2115 723 2167 est
739 2110 776 2166 ab
800 2112 880 2167 omui
905 2111 1057 2184 provincia
1079 2111 1245 2169 Romanum
1267 2114 1325 2171 iter
1346 2115 1467 2186 aggredi

409 2207 527 2275 propter
549 2201 701 2275 prsedoues
733 2199 765 2256 in
798 2200 856 2266 via,
882 2205 1057 2273 propterque
1079 2200 1199 2258 sicarios
1222 2202 1255 2258 in
1278 2203 1341 2276 ipss
1364 2195 1466 2261 Petri³

408 2291 535 2348 ecclesia
583 2293 657 2348 Haeo
679 2289 784 2347 videns
816 2289 975 2362 Gregorius
1006 2309 1083 2364 papa
1112 2292 1208 2364 primo
1230 2293 1337 2349 leniter
1359 2294 1467 2352 amoris

407 2381 503 2437 verbis
540 2381 630 2454 coepit
668 2398 735 2436 cum
775 2378 835 2434 illis
873 2397 970 2452 agere,
1003 2380 1055 2436 sed
1093 2387 1192 2437 tamen
1225 2381 1270 2437 nil
1303 2383 1465 2456 proficere,

409 2473 537 2529 cauterio
560 2468 869 2528 excommunicationis
903 2469 971 2525 illos
1004 2471 1041 2526 ab
1074 2471 1203 2527 ecclesias
1233 2489 1352 2545 corpore
1373 2473 1467 2531 secuit

408 2563 458 2634 qui
481 2562 552 2618 talia
576 2565 699 2632 agerent
721 2560 768 2615 vel
802 2559 853 2630 qui
888 2577 955 2614 cum
978 2559 1050 2615 talia
1081 2560 1236 2631 agentibus
1268 2563 1465 2620 communica-

408 2659 482 2712 rent.
537 2652 611 2709 Gum
635 2653 733 2707 autem
768 2665 843 2721 papa
880 2667 933 2721 per
970 2649 1139 2721 hujusmodi
1175 2669 1236 2707 nou
1273 2654 1368 2708 solum
1405 2671 1466 2709 non

407 2744 560 2816 proficeret
583 2740 739 2796 sedetiam
762 2737 865 2794 mortis
888 2738 1045 2794 discrimen
1068 2739 1100 2794 in
1123 2757 1153 2795 se
1175 2740 1272 2813 majus
1293 2741 1463 2811 concitaret,

408 2833 525 2906 scripsit
547 2831 717 2904 imperatori
739 2833 773 2884 ut
796 2828 948 2886 ecclesiam
980 2828 1127 2886 labentem
1145 2827 1271 2900 juraret.
1316 2833 1373 2888 Ille
1396 2850 1464 2890 raro

408 2940 459 2995 per
481 2909 709 2980 wandalicam*
732 2919 844 2974 bellum
867 2937 897 2974 se
929 2936 1081 2986 excusans,
1105 2926 1190 2992 rogat
1212 2939 1317 2994 papam
1341 2927 1376 2977 ut
1398 2923 1463 2980 viee

409 3031 461 3070 sua
483 3018 513 3068 et
536 3015 656 3084 sumptu
679 3027 800 3065 manum
823 3014 969 3080 apponat;
1010 3008 1126 3081 quade
1149 3028 1235 3066 causa
1257 3010 1333 3066 ferro
1356 3010 1463 3069 abscis-

409 3101 499 3158 sionis
520 3101 664 3159 utendum
687 3117 762 3172 papa
781 3097 919 3170 judicans
951 3115 1033 3153 arma
1064 3105 1094 3153 et
1126 3100 1238 3171 equites
1271 3101 1464 3172 undecunque

408 3191 594 3266 conquisivit,
612 3191 662 3262 qui
685 3188 781 3261 primo
803 3187 956 3243 basilicam
979 3187 1060 3243 Petri
1083 3191 1317 3261 praeoccupantes
1339 3191 1462 3248 oblatio·

407 3299 480 3336 num
502 3286 634 3352 raptores
668 3283 719 3333 aut
754 3277 924 3348 effugarunt
958 3284 1010 3332 aut
1043 3279 1248 3344 extinxerunt,
1287 3279 1356 3336 inde
1387 3298 1464 3353 popa

407 3370 518 3443 pradia
549 3369 601 3424 diu
636 3367 742 3425 amiesa
773 3367 966 3439 recuperavit.
1013 3365 1121 3422 Omnes
1152 3367 1265 3423 interea
1296 3369 1347 3440 qui
1378 3375 1463 3442 rapto

407 3460 506 3515 vivere
529 3457 638 3514 assueti
661 3457 778 3512 fuerant
811 3473 917 3528 papam
950 3456 1093 3512 vocabant
1116 3457 1336 3528 sanguinarium
1360 3459 1462 3516 altaris

407 3547 500 3604 officio
523 3546 689 3618 indignum,
713 3546 785 3601 adeo
816 3549 852 3600 ut
884 3544 974 3600 multi
1009 3544 1202 3601 cardinalium
1234 3547 1266 3602 in
1295 3548 1372 3605 hanc
1394 3567 1462 3606 sen·

407 3637 531 3693 tentiam
569 3637 635 3692 flexi
674 3636 863 3691 decreverunt
902 3634 999 3706 ipsum
1037 3653 1142 3708 papam
1179 3636 1212 3690 in
1249 3637 1370 3694 eeclesia
1400 3657 1461 3695 non

406 3726 595 3782 humandum.
643 3724 725 3796 Quod
748 3725 810 3796 ipse
843 3723 898 3779 sub
932 3729 1062 3780 extrema
1084 3725 1246 3781 valitudine
1268 3727 1459 3800 perpendens,

406 3805 539 3872 coetum⁵
554 3813 747 3870 cardinalium
763 3814 951 3869 concionatus
966 3820 1011 3870 eet
1033 3813 1066 3868 in
1088 3814 1167 3871 hune
1181 3815 1310 3872 modum.
1349 3819 1369 3843 “
1382 3816 1459 3872 Mul·

406 3907 425 3932 ‘⁸
451 3911 515 3960 tum
538 3904 666 3960 admiror
689 3903 793 3958 fratres
816 3903 893 3974 quod
919 3921 972 3959 ros
998 3904 1040 3960 sie
1063 3905 1280 3976 praecipitanter
1302 3908 1459 3980 praesulem

406 3995 425 4020 ‘¹
449 4001 576 4050 vestram
600 3991 771 4065 dijudicatis
793 3991 844 4064 qui
868 3993 911 4048 sic
932 3994 993 4048 vixi
1016 3999 1051 4050 ut
1072 3994 1283 4067 patrimonium
1305 4013 1403 4053 meum
1425 3997 1457 4052 in

405 4085 424 4110 “
449 4084 601 4140 commoda
640 4087 739 4140 vestra
771 4082 991 4151 transfuderim,
1030 4084 1082 4156 qui
1119 4083 1228 4139 lamam
1266 4085 1370 4140 mundi
1404 4103 1458 4158 pro

404 4175 424 4200 ‘⁶
449 4177 545 4230 vestra
567 4172 738 4229 liberatione
771 4172 960 4243 neglexerim,
985 4191 1073 4246 quare
1104 4173 1129 4229 si
1163 4173 1215 4228 elii
1246 4175 1317 4230 talia
1339 4175 1459 4232 sinistra

405 4263 424 4291 “
450 4269 552 4320 contra
585 4281 632 4319 me
664 4261 864 4335 procuderent,
887 4279 939 4318 vos
974 4263 1125 4336 opiniones
1163 4265 1320 4320 stultorum
1342 4265 1459 4322 meliori

437 4509 446 4541 ¹
463 4509 542 4559 From
553 4507 586 4556 A.
621 4505 674 4554 But
684 4503 711 4553 iu
722 4501 782 4554 MS.
794 4503 837 4552 the
849 4503 905 4552 first
988 4503 1001 4536 ²
1018 4503 1109 4564 Petra,
1120 4503 1176 4554 MS.

402 4588 461 4640 leur
471 4587 554 4638 words
566 4599 608 4635 are
625 4581 651 4632 iu
668 4582 752 4646 largas
770 4582 864 4640 letters,
876 4597 903 4632 se
989 4584 999 4615 ⁴
1022 4582 1275 4651 Wandolsustligd.

403 4667 427 4717 il
434 4666 555 4718 intended
565 4673 592 4714 to
603 4663 675 4713 msrls
688 4677 769 4712 aneu
777 4662 891 4726 chapter.
987 4661 997 4690 ⁵
1014 4669 1109 4722 cotum,
1131 4662 1199 4714 from
1219 4665 1308 4730 llige,
1332 4680 1382 4717 om.
1405 4668 1458 4730 A.;

435 4745 447 4779 ²
463 4745 524 4795 This
535 4743 558 4793 is
569 4743 611 4794 the
623 4741 727 4793 sercuth
738 4741 811 4792 letter
822 4739 852 4790 ol
859 4740 903 4790 the
953 4747 1055 4800 celum,
1065 4743 1123 4794 MS.

403 4825 517 4876 author's
529 4837 608 4874 name.
930 4846 933 4858 ·
