3625 5784
443 868 487 932 92
793 877 941 927 ssanmr
964 875 1148 926 aaronica

443 1095 552 1151 magna
573 1095 682 1152 pompa
703 1080 895 1151 pervenerat3
920 1079 993 1132 tunc
1016 1075 1196 1131 Lanfrancus
1218 1091 1254 1130 ex
1280 1073 1375 1145 prima
1396 1073 1492 1130 homi-

443 1169 490 1223 nis
512 1168 705 1224 collocutione
728 1167 910 1240 perpendens
933 1165 1011 1238 quod
1042 1183 1132 1238 prope
1154 1165 1199 1219 nil
1231 1163 1329 1231 sciret,
1353 1163 1492 1219 abeceda-

443 1257 520 1312 riam
543 1257 695 1313 literarum
718 1256 764 1311 illi
786 1255 923 1328 apposnit
949 1255 1170 1328 expediendum,
1195 1253 1332 1310 ferociam
1364 1253 1491 1308 hominis

443 1347 548 1402 Italica
570 1347 677 1418 peritia
698 1345 742 1402 sic
763 1347 893 1402 cludens.
940 1345 1004 1415 Quo
1028 1345 1078 1400 ille
1101 1334 1216 1399 iratus1
1240 1343 1328 1399 efficit
1350 1359 1402 1414 per
1417 1342 1493 1397 Wil-

443 1437 565 1491 lelmum
588 1436 691 1491 ducem
713 1441 748 1490 ut
771 1437 950 1490 Lanfrancus
973 1434 1009 1490 ab
1032 1433 1112 1488 omni
1134 1433 1317 1489 Normannia
1338 1432 1490 1487 submove·
1547 1467 1552 1476 ·

443 1531 534 1591 retur,
558 1524 610 1580 sed
632 1525 743 1580 occasio
765 1523 970 1597 recuperanda
1001 1523 1105 1594 gratiae
1128 1522 1195 1588 fuit,
1220 1522 1297 1594 quod
1319 1521 1356 1576 ad
1379 1520 1491 1576 curiam

445 1615 560 1670 comitis
590 1614 713 1670 tendens
750 1614 940 1677 Ianfrancus,
973 1630 1065 1684 equus
1096 1611 1160 1683 ejus
1191 1611 1357 1667 claudicans
1389 1611 1490 1666 comiti

445 1705 620 1760 cachinnum
643 1703 777 1759 excussit.
823 1704 910 1759 Unde
932 1707 1086 1774 conspecta
1110 1701 1142 1755 in
1165 1701 1328 1756 Ianfranco
1359 1701 1490 1772 responsi

274 1798 360 1864 Tvys.
373 1797 421 1846 col.
445 1793 551 1849 facetia
573 1798 603 1848 et
624 1794 770 1863 elegantia
799 1791 987 1865 frontispicii,
1011 1792 1046 1847 de
1077 1790 1173 1862 priora
1200 1790 1338 1846 Beccensi
1370 1787 1490 1844 effectus

275 1870 349 1916 2862.

445 1888 490 1938 est
511 1881 599 1937 abbas
622 1881 820 1949 cadomensis,
843 1886 873 1937 et
902 1880 1089 1953 postmodum
1121 1880 1229 1952 praesnl
1263 1878 1489 1935 Gautuariensis.

446 1972 502 2030 Vir
523 1973 574 2026 ille
596 1977 659 2026 tam
680 1972 808 2026 famosus
831 1972 863 2026 in
879 1971 1012 2026 doctrina
1033 1970 1092 2024 fuit
1114 1975 1149 2024 ut
1171 1969 1199 2025 ei
1222 1969 1345 2025 Romam
1359 1967 1490 2024 venienti

445 2050 634 2118 Alexander²
668 2061 825 2132 dignanter
857 2065 1031 2131 assurgeret,
1060 2064 1232 2132 protestans,
1257 2077 1287 2114 se
1318 2075 1378 2114 nou
1410 2057 1491 2112 illius

445 2140 687 2223 archiepiscopo³
709 2150 761 2206 sed
782 2149 846 2221 ejus
868 2149 1029 2205 literaturae
1052 2148 1181 2204 deferre:
1206 2152 1382 2220 quapropter
1404 2147 1491 2219 petiit

444 2259 528 2314 papa,
552 2246 586 2295 ut
609 2257 675 2295 cum
698 2238 760 2311 ipse
782 2239 898 2295 fecisset
921 2238 1085 2310 quoderat
1107 2237 1237 2305 honoris,
1261 2237 1323 2310 ipse
1346 2237 1490 2293 Lanfran·

445 2349 496 2386 cns
518 2330 626 2386 feceret
648 2330 725 2400 quod
748 2334 823 2385 esset
848 2327 985 2400 justitia,
1009 2333 1043 2383 ut
1073 2327 1210 2384 videlicet
1232 2345 1263 2383 se
1296 2332 1491 2400 prosterneret

445 2419 568 2492 pedibus
589 2418 692 2474 vicarii
722 2418 802 2474 beati
828 2417 928 2484 Petri;
961 2435 1017 2489 quo
1041 2418 1128 2483 facto,
1151 2418 1250 2473 ambos
1280 2417 1394 2472 itineris
1428 2415 1490 2486 ojus

445 2510 537 2564 socios
559 2509 707 2581 episcopos
729 2507 827 2562 anulis
848 2512 879 2562 et
900 2506 1013 2562 baculis
1036 2505 1165 2577 privatos
1192 2507 1306 2572 merito,
1330 2505 1394 2577 ejus
1416 2523 1489 2577 prae-

445 2603 526 2654 textu
549 2597 689 2668 gradibus
711 2597 771 2652 suis
793 2597 932 2663 restituit,
956 2601 1043 2668 prout
1073 2595 1205 2666 superius
1231 2594 1415 2668 praelibatum
1437 2599 1490 2650 est.

445 2689 521 2743 Item
545 2687 606 2759 ipse
629 2687 811 2743 Ianirancus
833 2704 933 2757 regem
948 2686 1130 2742 Willelmum
1146 2676 1388 2758 conquestorem⁴
1410 2701 1491 2739 sacra

444 2777 588 2832 mactabat
609 2781 682 2842 arta,
705 2794 765 2831 non
787 2775 884 2846 rigide
914 2773 1096 2846 objurgando
1119 2775 1170 2829 sed
1193 2773 1268 2830 saria
1286 2772 1361 2843 jocis
1392 2773 1491 2827 immi·

444 2867 557 2922 scando.
604 2867 676 2921 Erat
690 2883 795 2938 nempe
809 2883 861 2921 rex
875 2864 1042 2920 Willelmns
1057 2863 1171 2918 timoris
1186 2853 1395 2927 immoderati?
1411 2879 1492 2918 secu-

445 2956 518 3012 laria
540 2960 571 3011 st
592 2953 787 3011 ecclesiastica
808 2954 846 3010 ad
868 2954 986 3009 libitum
1010 2953 1184 3024 disponena;
1214 2953 1331 3007 nullam
1360 2951 1392 3007 in
1415 2956 1493 3006 terra

444 3064 498 3100 sua
519 3063 572 3117 pro
604 3043 763 3116 apostolico
795 3043 963 3108 admittens,
987 3041 1047 3098 uisi
1081 3043 1179 3097 animo
1213 3059 1265 3096 suo
1299 3041 1491 3096 blandiretur.

446 3134 611 3190 Concilium
634 3134 666 3188 in
687 3151 778 3204 regno
801 3147 853 3187 suo
883 3133 1000 3186 nullam
1023 3131 1089 3202 cogi
1119 3130 1177 3185 nisi
1212 3149 1241 3184 se
1273 3130 1415 3197 consulto,
1438 3146 1493 3184 uec

446 3224 559 3295 aliquid
581 3222 623 3278 ibi
647 3221 762 3277 definiri
784 3220 844 3276 nisi
866 3221 929 3291 ipse
951 3221 1098 3285 dictasset,
1122 3221 1237 3274 nullum
1260 3237 1296 3275 ex
1326 3219 1492 3292 proceribus

445 3313 506 3368 anis
528 3329 581 3385 pro
604 3311 707 3383 quavis
728 3312 816 3381 culpa
842 3309 942 3381 puniri
963 3308 1023 3364 nisi
1046 3309 1108 3380 ipss
1135 3307 1277 3379 jussisset.
1322 3307 1494 3379 Accipiebat

445 3402 626 3456 Ianfrancns
648 3399 820 3472 quandoque
841 3397 996 3470 pecuniam
1020 3416 1077 3469 qno
1106 3395 1202 3468 majus
1224 3402 1355 3468 parceret
1377 3395 1492 3452 delictis

445 3489 645 3555 subditorum
669 3488 748 3562 qnod
769 3507 829 3544 non
844 3488 914 3544 fecit
936 3488 973 3544 ad
996 3487 1191 3543 alleviandnm
1207 3487 1351 3542 sarcinam
1368 3485 1492 3558 peccati,

445 3579 496 3634 sad
517 3579 612 3649 magis
635 3579 672 3633 ad
703 3578 914 3632 cumulandum
945 3577 1023 3648 regis
1054 3575 1189 3646 gratiam.
1243 3577 1407 3631 Excusabat
1440 3576 1492 3630 ali·

445 3669 621 3740 quantulum
642 3667 720 3738 regis
743 3668 852 3722 factum
875 3667 1013 3738 pecunias
1029 3665 1218 3737 glomerantis
1241 3665 1305 3736 ipsa
1326 3664 1492 3731 necessitas,

445 3775 503 3830 qna
525 3757 655 3828 oportuit
676 3773 743 3812 cum
765 3756 869 3811 multis
883 3755 1015 3828 pssumis
1037 3773 1139 3826 pacem
1160 3771 1314 3826 procurare
1334 3753 1494 3826 provincias

445 3865 533 3919 qnam
555 3846 645 3902 armis
675 3847 850 3916 subegerat;
881 3850 912 3900 ot
934 3843 1067 3915 quamvis
1096 3861 1196 3914 rapere
1218 3862 1236 3898 a
1266 3843 1495 3916 provincialibus

444 3943 476 3992 et
498 3937 566 3991 dare
595 3935 728 3990 hostibus
761 3935 839 4007 apad
869 3932 1003 3988 homines
1037 3933 1076 3988 sit
1108 3933 1258 4003 exiguum,
1292 3933 1369 4005 apud
1407 3933 1494 3988 ‹leum

445 4032 543 4082 tamen
558 4030 631 4098 puto
646 4014 786 4080 nullum.⁶
830 4024 920 4078 Facto
935 4022 1028 4093 igitur
1049 4020 1127 4093 regis
1141 4022 1284 4078 Willelmi
1304 4022 1381 4078 inter
1394 4040 1494 4094 regem

445 4116 650 4172 modernorum
672 4113 859 4186 praedicanda
882 4116 953 4167 sunt
981 4111 1233 4182 magnanimitatis
1263 4112 1405 4185 exempla,
1429 4131 1494 4184 quae

445 4205 593 4276 quondam
615 4203 788 4259 dicebantur
809 4200 1048 4274 praesumptionis
1071 4201 1208 4257 facinora.
1253 4201 1423 4257 Patiebatur
1438 4202 1495 4257 ista

445 4295 557 4350 invitus
596 4293 786 4358 Mastancus,
825 4295 941 4363 captato
979 4291 1042 4346 loco
1076 4297 1107 4346 et
1136 4295 1266 4362 tempore
1304 4291 1495 4347 conveniebat

477 4568 486 4600 ¹
503 4567 625 4623 irritatus,
638 4562 716 4628 Higd
995 4559 1071 4610 MSS.
1083 4557 1104 4610 is
1121 4558 1197 4610 Nola
1214 4560 1352 4625 probitatis
1378 4561 1497 4614 Willelmi

477 4645 488 4678 ²
505 4643 575 4694 addit
584 4658 665 4706 papa,
676 4640 755 4704 Higd.
998 4639 1188 4702 Conquesloris.

478 4723 489 4754 ³
505 4719 717 4785 archiepiscopio,
728 4717 807 4783 Higd.
1028 4715 1038 4747 ⁵
1056 4717 1187 4774 immodici,
1199 4715 1279 4781 Higd.

478 4801 488 4832 ⁴
505 4801 574 4852 Here
593 4813 627 4848 ou
650 4798 693 4847 tlre
713 4795 814 4862 margin
834 4798 861 4846 of
882 4795 943 4846 both
1027 4793 1261 4862 ⁶nilflam,1ligd.
