3625 5784
429 853 492 916 126
777 863 924 913 uarmcr
948 863 1131 912 surosror

425 1060 620 1132 Plantagenet
652 1058 755 1116 comiti
776 1059 968 1132 Andegariae,
992 1061 1028 1116 de
1062 1077 1120 1132 quo
1153 1057 1282 1131 suscepit
1316 1057 1478 1115 Hauricum

424 1149 457 1221 ij.
495 1150 680 1223 posmodum
726 1150 844 1221 Anglias
880 1168 989 1221 regem.
1045 1148 1202 1205 lotharius
1246 1148 1305 1206 dux
1345 1148 1479 1206 Saxonis

424 1239 519 1296 iactus
541 1245 587 1296 est
608 1240 765 1312 imperator
787 1243 853 1311 post
874 1239 1023 1296 decessum
1046 1239 1176 1296 Haurici.

470 1329 621 1386 celebrato
643 1327 803 1385 Londoniae
834 1330 959 1385 concilio
981 1347 1150 1386 concessum
1172 1334 1218 1385 est
1251 1328 1381 1386 Henricc
1414 1328 1479 1399 regi

422 1417 570 1490 justitiam
592 1420 686 1475 facere
709 1419 746 1474 de
768 1419 964 1475 sacerdotibus
987 1419 1151 1476 fornicariis
1174 1436 1333 1493 eorumque
1369 1435 1477 1474 coucu-

424 1508 511 1566 binis.
559 1509 617 1565 Sed
648 1508 711 1581 ipse
740 1508 818 1563 nihil
847 1508 929 1565 aliud
951 1509 1013 1580 egit
1035 1527 1123 1582 quam
1145 1509 1299 1581 pecuniam
1334 1507 1476 1566 emunxit.

426 1598 489 1670 Quo
522 1617 600 1655 auno
631 1615 762 1670 proceres
784 1596 904 1669 Angliae
932 1596 1108 1670 jnraverunt
1142 1615 1239 1655 coram
1262 1616 1331 1672 rege
1362 1615 1478 1655 servare

425 1705 550 1759 regnum
572 1687 692 1760 Anglioe
714 1688 753 1744 ad
774 1705 847 1759 opus
868 1687 1001 1744 Matildae
1035 1687 1229 1762 imperatricis
1255 1689 1325 1746 iiliae
1357 1705 1427 1757 suoe,
1451 1685 1477 1744 si

426 1778 490 1849 ipsa
511 1783 625 1850 patrem
647 1777 711 1834 sine
733 1776 833 1834 liberis
856 1777 1044 1834 decedentem
1067 1779 1274 1852 superviveret.

471 1867 609 1923 Iuventio
638 1867 767 1940 corporis
788 1865 884 1924 sancti
905 1867 1029 1924 Mathai
1067 1867 1192 1941 apostoli
1222 1869 1254 1924 in
1277 1868 1349 1924 urba
1370 1867 1475 1924 'lieve-
1489 1863 1573 1930 tht·
1586 1865 1635 1916 001·

426 1955 506 2014 sensi
521 1956 599 2030 qued
614 1961 732 2013 sauctus
747 1946 954 2028 Augustinus¹
978 1957 1211 2032 archiepiscopus
1234 1957 1307 2015 illuc
1322 1958 1477 2015 advexerat
1489 1935 1564 1984 ²³⁸³·

427 2045 464 2102 de
497 2045 750 2119 Constantinopoli
784 2050 914 2120 tempore
946 2045 1133 2104 Constantini
1166 2047 1298 2115 senioris,
1333 2065 1369 2104 ex
1401 2046 1477 2103 dono

427 2137 549 2204 Helena
571 2135 692 2208 regiuae.

472 2226 662 2282 Innocentius
684 2225 717 2298 ij.
739 2231 806 2297 post
839 2225 1006 2282 Honorinm
1028 2225 1104 2282 sedit
1126 2227 1212 2284 annis
1244 2226 1316 2298 xiij!
1329 2225 1477 2282 mensibus

426 2313 479 2386 vij.
525 2315 629 2371 Petrus
651 2315 731 2372 enim
745 2315 861 2384 Leonis,
878 2316 930 2388 qui
952 2321 984 2373 st
998 2305 1182 2383 anacletus?
1196 2317 1342 2374 invaserat
1364 2321 1478 2388 aposto·

428 2406 531 2473 latum,
548 2411 578 2462 et
600 2406 678 2461 facta
700 2411 745 2461 est
767 2405 896 2461 turbatio
918 2405 951 2460 in
974 2405 1106 2463 ccclesia.
1143 2406 1220 2463 Nam
1244 2406 1295 2464 ille
1317 2406 1477 2462 Anaclatus

428 2513 447 2551 a
492 2495 677 2567 paucioribus
724 2495 835 2550 electus
872 2495 1081 2551 Innocentium
1119 2494 1155 2552 da
1204 2497 1275 2552 urbe
1312 2498 1476 2568 fugaverat,

427 2585 563 2642 ecclesias
585 2585 687 2641 Romae
710 2583 856 2656 spoliarit,
881 2585 917 2640 de
941 2602 1064 2656 quarum
1086 2586 1210 2658 pecunia
1244 2587 1391 2644 Romanos
1414 2603 1476 2642 cor·

428 2676 517 2747 rupit
563 2673 622 2732 Sed
636 2675 828 2731 Innocentius
850 2691 918 2729 cum
941 2674 1138 2732 cardinalibus
1160 2676 1239 2749 apud
1261 2694 1360 2748 regem
1383 2675 1477 2730 Fran·

429 2781 529 2821 corum
576 2763 752 2830 demoratus,
798 2763 956 2820 concilium
1001 2763 1101 2820 Remis
1145 2765 1313 2834 celebravit,
1359 2764 1478 2821 undem

429 2854 587 2919 adeundo,
611 2853 762 2910 lactarium
785 2853 889 2910 ducem
914 2847 1048 2910 Ss'xoniae
1070 2855 1103 2908 in
1132 2855 1337 2929 imperatorem
1360 2871 1477 2910 corona·

428 2943 483 3010 vit,
507 2946 591 3015 cujus
613 2961 668 3015 ops
702 2944 850 3014 Rogemm
874 2944 978 3000 ducem
1001 2943 1113 3001 Ciciliae
1148 2949 1178 3001 et
1200 2944 1317 3018 Apulia
1350 2943 1400 3016 qui
1422 2943 1479 2998 sibi

428 3033 544 3089 rebellis
567 3033 686 3098 iuerat,
725 3033 874 3104 effugarit.
922 3033 1039 3090 Mortuo
1077 3033 1172 3106 primo
1204 3035 1331 3092 Ranulfo
1372 3033 1481 3090 comite

370 3184 375 3192 ,
430 3121 550 3178 Gestriae
582 3121 720 3178 suecessit
753 3123 897 3178 Ranulsus
929 3121 961 3194 ij.
995 3123 1091 3178 dictus
1125 3123 1161 3178 de
1193 3125 1366 3190 Mesebinas,
1399 3122 1479 3179 filius

429 3212 536 3286 prioris
558 3212 677 3268 Ranulil
700 3211 752 3284 qui
774 3211 895 3285 praefuit
917 3229 983 3268 xxv.
1006 3212 1098 3268 annis.

474 3301 592 3358 Mortuo
615 3300 721 3357 comite
743 3301 917 3357 Flandrensi
939 3301 1085 3357 Henrieus
1107 3319 1158 3358 rsx
1180 3300 1300 3373 Angliae
1332 3302 1368 3358 de
1390 3303 1477 3360 bene·

429 3391 538 3464 placito
575 3391 654 3462 ragis
691 3390 824 3448 Francius
861 3391 1001 3447 successit
1035 3389 1102 3461 jura
1141 3391 1414 3463 consanguinitatis,
1446 3398 1477 3448 et

430 3480 489 3536 cito
511 3486 578 3552 post
600 3479 725 3535 Matilda
754 3481 927 3552 imperatrix
949 3480 1102 3553 repudiata
1124 3498 1142 3536 a
1163 3481 1228 3537 viro
1260 3498 1312 3536 suo
1336 3480 1477 3549 Galfrido‚

430 3569 550 3625 accessit
572 3569 611 3625 ad
632 3574 745 3642 patrem
767 3587 852 3624 suum
874 3569 907 3626 in
930 3569 1112 3627 Normannia
1134 3570 1323 3628 enatantem
1346 3569 1398 3626 ubi
1420 3576 1479 3628 tres

430 3658 578 3714 mirabiles
616 3665 813 3731 apparuerunt
849 3659 877 3714 ei
910 3659 1045 3716 visiones.
1090 3659 1168 3716 Nam
1200 3659 1296 3732 primo
1335 3660 1411 3717 vidit
1447 3661 1479 3716 in

431 3747 561 3820 sompnis
583 3749 758 3803 rusticorum
780 3749 1001 3805 multitudinem
1034 3767 1101 3804 cum
1128 3749 1332 3805 instrumentis
1365 3750 1479 3807 insilire

431 3843 462 3893 et
493 3837 626 3893 debitum
655 3842 796 3909 expetere.
843 3839 987 3905 Secundo,
1011 3838 1087 3894 vidit
1120 3843 1298 3894 armatorum
1332 3840 1479 3896 cohortem

432 3927 607 3984 omnimodis
629 3926 697 3982 telis
719 3928 752 3982 in
774 3945 841 3983 eum
873 3927 977 3984 saevire
999 3929 1084 3984 velle.
1130 3927 1241 3995 Tercio,
1265 3928 1342 3984 vidit
1375 3931 1478 4001 proele·

431 4022 529 4073 torum
560 4021 707 4072 catervam
742 4034 809 4072 cum
831 4017 942 4072 baculis
976 4017 1168 4089 pastoralibus
1199 4019 1294 4074 minas
1326 4017 1479 4075 intentare.

432 4108 471 4162 Et
494 4106 628 4162 omnibus
662 4106 709 4160 his
731 4105 845 4162 vicibus
867 4107 978 4162 exsiliit
1001 4125 1051 4163 rex
1085 4106 1120 4162 de
1144 4111 1238 4162 stratu
1262 4125 1314 4164 suo
1346 4108 1479 4179 gladium

431 4195 582 4268 arripiens,
606 4200 637 4251 et
660 4213 745 4268 opem
767 4196 956 4252 inclamitans
978 4215 1012 4252 ao
1042 4196 1068 4251 si
1090 4201 1166 4252 esset
1187 4197 1300 4268 sliquos
1322 4197 1480 4267 occisurus,

432 4286 483 4341 sed
519 4285 667 4342 neminem
704 4285 827 4342 invenit
873 4287 937 4341 Ista
973 4287 1062 4342 etiam
1104 4285 1202 4342 omnia
1243 4286 1319 4342 vidit
1358 4287 1481 4360 quidam

430 4375 569 4442 medicus,
594 4365 807 4430 Grunbaldus⁸
829 4375 955 4431 nomine.
1002 4375 1059 4445 Qui
1073 4393 1158 4430 mane
1179 4375 1237 4431 ista
1258 4375 1322 4448 regi
1344 4379 1481 4445 reserens,

430 4465 547 4520 monuit
568 4483 635 4521 eum
668 4463 745 4520 sicut
766 4464 913 4536 quondam
937 4465 1043 4521 Daniel
1066 4464 1325 4536 Nabugodonosor,
1350 4473 1385 4524 ut
1408 4469 1480 4523 elea·

465 4705 475 4738 ¹
493 4704 627 4770 syricius,
638 4704 718 4772 Higd.
1012 4701 1024 4739 ⁸
1043 4703 1216 4770 Gamalam,
1228 4705 1308 4774 Higd.

466 4783 478 4815 ²
493 4783 535 4832 On
544 4782 608 4833 both
619 4782 730 4848 margins
742 4779 771 4844 is,
782 4782 833 4836 duc
842 4799 926 4851 papoe.
