3625 5784
474 822 539 887 140
815 841 962 890 nsuarcr
987 841 1169 891 amomon

302 1039 442 1091 'rhearch-
474 1048 575 1114 quam
598 1026 655 1112 xij.
689 1023 793 1090 millia
826 1024 917 1111 apud
951 1023 1067 1090 villam
1089 1027 1129 1090 de
1163 1025 1319 1104 Overton,
1342 1049 1404 1094 nec
1437 1027 1527 1113 quis-

301 1106 574 1238 }issssffisquam
598 1128 638 1194 dc
661 1127 785 1213 Anglia
806 1131 947 1190 mortem
970 1125 1093 1192 ibidem
1117 1126 1257 1192 incurrit
1278 1133 1399 1214 praeter
1421 1151 1526 1194 unum

301 1237 396 1290 thein-
473 1231 623 1308 militem,
639 1229 765 1295 scilicet
780 1228 967 1294 Gilbertum
991 1229 1032 1293 de
1055 1228 1152 1314 Lacy.
1200 1229 1318 1316 [Iste]¹
1336 1231 1526 1317 Stephanus

302 1307 459 1437 fflissonly
473 1331 622 1398 bonitate
645 1338 681 1397 et
698 1331 834 1418 justicia
865 1329 1009 1394 multum
1033 1329 1154 1409 floruit,
1177 1331 1309 1398 subtilis
1342 1339 1377 1399 et
1398 1333 1525 1400 virtuo-

302 1453 430 1489 onumen
471 1456 528 1500 sus
561 1435 598 1498 in
620 1433 885 1500 ordinationibus
917 1431 1086 1509 iaciendis,
1117 1434 1313 1500 artificiosus
1337 1439 1371 1501 et
1403 1435 1525 1500 articu-

300 1529 438 1606 ΜΓ
472 1537 561 1602 iosus
584 1533 648 1601 de²
782 1540 817 1600 et
846 1533 1009 1598 mensuris
1041 1533 1263 1612 instituendis,
1297 1541 1332 1602 et
1363 1537 1405 1601 de
1436 1542 1524 1603 terra

298 1597 415 1726 {freidin
472 1639 591 1705 arabili
622 1638 766 1725 prudens
789 1642 824 1703 et
845 1657 1009 1723 operosus,
1033 1637 1073 1702 de
1108 1644 1269 1718 carucata,
1292 1639 1423 1718 bovata,
1458 1641 1524 1706 vir-

299 1727 448 1845 gpgpfioe
471 1749 559 1830 gas,
582 1742 709 1828 perena
733 1762 816 1818 acra,
839 1741 920 1805 roca
953 1745 988 1806 a
1010 1740 1148 1806 dimidia
1170 1743 1258 1820 rosa,
1282 1744 1373 1828 pede,
1397 1744 1522 1830 ponae,

301 1860 458 1912 ordinares.
472 1847 584 1913 cubito
606 1853 642 1911 et
663 1845 782 1930 palma,
798 1849 857 1909 etc
874 1842 937 1908 de³
960 1843 1064 1908 ansul.
1087 1848 1122 1908 et
1137 1844 1282 1910 balensis
1297 1850 1332 1911 et
1354 1847 1522 1925 mensuris,

470 1943 568 2014 metis
591 1953 626 2013 et
656 1947 778 2012 bondis
810 1951 972 2012 terrarum
1006 1944 1074 2011 fuit
1097 1951 1185 2012 certa
1220 1957 1372 2013 mensura
1406 1949 1524 2035 posita,

469 2051 556 2116 sicut
587 2071 692 2135 usque
723 2049 760 2112 in
790 2069 935 2134 praesens
957 2053 1112 2127 tenetur3
1136 2070 1174 2114 ae
1206 2049 1307 2116 etiam
1331 2049 1372 2116 de
1407 2051 1524 2116 vendi·

469 2151 618 2218 tionibus
639 2158 675 2216 et
696 2151 928 2236 emptionibus.

514 2262 632 2318 Mortuo
656 2262 804 2333 Stephano
826 2261 965 2317 meoessit
987 2261 1133 2317 Henricns
1159 2261 1190 2333 ij.
1215 2262 1293 2319 tilius
1316 2263 1520 2336 imperatricis,
1535 2256 1681 2336 (ἶὶῡῒῐθῡῡὶῡ,

470 2369 561 2424 nepos
583 2350 705 2407 Henrici
736 2351 825 2423 primi
846 2369 882 2406 ex
904 2351 967 2405 filia
998 2349 1192 2423 imperatrice,
1216 2359 1246 2408 et
1269 2353 1402 2409 Gaifridc
1434 2355 1520 2410 Plan·
1534 2324 1577 2442 lg?
1590 2325 1649 2376 Μ·

470 2447 590 2512 tagenet
633 2441 740 2496 comite
783 2439 966 2510 Andegaviae
1013 2441 1202 2512 progenitus;
1244 2441 1327 2513 cujus
1364 2461 1460 2500 mores
1491 2427 1603 2548 etffi'gd
1621 2481 1665 2534 viii

470 2536 563 2596 aaut,
595 2530 721 2586 veruta
754 2534 785 2585 a
817 2529 891 2585 vna
915 2521 1077 2584 emruw
1107 2531 1291 2587 cambrensis
1321 2531 1352 2586 in
1386 2533 1447 2588 suis
1470 2533 1520 2589 ue-
1533 2519 1624 2601 ,μζ
1668 2521 1674 2534 ·

471 2618 677 2693 scriptionibus
700 2617 847 2682 describit,
865 2617 907 2674 sic
931 2617 1082 2690 inquiens:
1107 2619 1280 2676 Metioulosa
1295 2622 1381 2692 plano
1407 2639 1453 2678 res
1475 2628 1521 2678 est

472 2710 503 2764 in
533 2709 618 2764 illum
650 2709 776 2780 allegare
808 2708 859 2779 qui
882 2713 979 2780 potest
1008 2709 1149 2779 relegare,
1181 2709 1267 2764 illum
1290 2709 1393 2765 multis
1424 2711 1521 2769 verbis

470 2799 630 2854 describere
668 2799 718 2868 qui
763 2815 823 2852 nno
859 2797 948 2853 verbo
988 2802 1084 2868 potest
1127 2799 1323 2869 proscribcre;
1359 2799 1520 2870 gratiosum

470 2888 577 2960 quippe
599 2888 675 2943 foret
704 2891 735 2943 at
756 2885 833 2942 vires
854 2891 968 2941 nostr-m
991 2904 1107 2958 prorsus
1139 2888 1289 2955 excedens,
1312 2888 1465 2945 veritatem
1489 2891 1520 2946 in

469 2977 595 3048 singulis
626 2994 686 3032 non
724 2975 914 3048 supprimere,
953 2979 983 3030 et
1020 2976 1051 3030 iu
1089 2977 1172 3032 nullo
1210 2977 1351 3050 principis
1388 2979 1520 3036 animum

469 3068 647 3122 exacerbare.
693 3065 765 3120 Erat
798 3083 903 3136 nempe
934 3064 984 3120 hic
1007 3065 1153 3120 Henricus
1175 3065 1221 3120 vir
1252 3067 1398 3133 subrufus,
1422 3069 1519 3141 amplo

469 3158 564 3228 eapite
593 3160 624 3212 et
646 3159 772 3227 pectore,
805 3154 897 3210 oeulis
919 3153 1042 3225 glaucis,
1066 3172 1136 3211 voce
1168 3173 1282 3228 quassa,
1306 3174 1424 3229 corpore
1455 3177 1518 3213 oar·

470 3263 551 3311 noso,
585 3245 650 3300 cibo
672 3249 771 3299 tamen
809 3249 839 3298 et
875 3249 948 3314 potu
985 3261 1108 3316 pareus;
1131 3249 1161 3300 ot
1183 3249 1218 3300 ut
1251 3239 1518 3316 pinguetudinem⁵

471 3335 642 3406 reprimeret
686 3349 791 3404 corpus
836 3350 922 3387 auum
969 3331 1132 3398 vexatione,
1170 3335 1334 3400 venatione,
1382 3336 1517 3402 statione,

470 3422 704 3477 deambulatione
725 3421 868 3477 vexabat:
892 3427 1006 3477 statura
1042 3422 1205 3489 mediocris,
1229 3424 1366 3495 eloquens
1398 3429 1428 3480 et
1451 3425 1518 3481 lite-

469 3517 560 3577 ratus,
584 3510 616 3566 in
650 3514 762 3566 armata
792 3509 900 3565 militia
932 3515 1078 3577 smenuus,
1114 3511 1145 3566 in
1180 3515 1280 3582 togata
1302 3513 1450 3585 providus,
1486 3515 1517 3570 in

468 3601 546 3657 bello
579 3600 718 3670 ambigua
739 3600 801 3655 iata
832 3599 1001 3666 formidans,
1034 3600 1190 3656 humanior
1212 3618 1325 3674 semper
1356 3602 1445 3659 militi
1468 3622 1518 3660 sx-

469 3690 563 3745 tincto
600 3706 688 3761 quam
722 3688 881 3760 superstiti,
917 3690 983 3761 plus
1016 3695 1145 3745 mortuos
1179 3691 1284 3761 iugens
1315 3709 1404 3762 quam
1435 3693 1519 3750 rivos

469 3796 589 3845 amans;
613 3778 787 3849 urgentibus
824 3778 1017 3834 incommodis
1054 3797 1141 3834 nemo
1174 3779 1337 3851 benignior,
1369 3787 1519 3854 resumpta

468 3868 624 3924 securitate
656 3885 743 3923 nemo
764 3865 898 3938 rigidior,
923 3885 988 3923 scer
1010 3866 1041 3922 in
1075 3868 1243 3934 indomitos,
1267 3871 1394 3926 clemens
1425 3871 1515 3928 inter-

468 3958 541 4012 dum
563 3957 595 4011 in
611 3957 754 4023 subactos,
775 3956 866 4012 durus
889 3957 921 4011 in
944 3957 1126 4023 domesticos,
1141 3958 1277 4030 profusus
1300 3958 1331 4013 in
1353 3965 1515 4027 extraneos,

467 4048 567 4117 largus
598 4044 629 4100 in
652 4045 779 4118 publico,
802 4063 907 4118 parcus
929 4046 961 4100 in
993 4045 1114 4118 privato.
1161 4046 1252 4116 Quem
1276 4050 1366 4104 semel
1397 4067 1516 4106 exosum

471 4137 515 4193 rel
538 4135 681 4190 dilectum
711 4134 903 4191 hebetatrix
935 4134 973 4191 ad
1005 4135 1183 4192 corbariam
1207 4137 1377 4195 flecteretur.
1423 4139 1515 4198 Verbi

468 4231 645 4298 spontaneus
691 4230 897 4296 transgressor,
935 4241 1067 4280 morosus
1113 4225 1151 4280 ad
1199 4232 1306 4282 cuneta
1351 4245 1513 4300 responsor,
1527 4207 1674 4273 T'Y'·⁰⁰¹·

466 4314 573 4387 qnietis
602 4319 734 4370 amatore
758 4313 810 4369 sed
842 4313 1005 4370 nobilitatis
1039 4331 1199 4386 oppressor,
1219 4315 1348 4386 justicia
1380 4277 1602 4375 venditorma'

499 4538 603 4588 ¹From
614 4538 663 4595 A.;
681 4535 800 4586 enatis.
1017 4530 1140 4583 Mancia
1175 4533 1254 4584 What
1264 4535 1286 4586 is
1294 4544 1379 4586 meant
1390 4538 1425 4601 by
1436 4537 1518 4590 either

496 4615 508 4647 ²
524 4617 594 4667 Here
611 4615 683 4666 there
693 4614 744 4664 isa
761 4613 841 4663 biauk
860 4611 888 4661 in
906 4610 968 4660 both
1017 4619 1073 4662 text
1085 4611 1106 4661 is
1118 4621 1164 4663 not
1174 4613 1248 4664 clear.

463 4695 523 4747 ΜΒ.
803 4746 805 4749 ,
1052 4690 1062 4722 ⁴
1080 4691 1156 4742 From
1168 4691 1262 4759 nigd.;
1282 4691 1429 4759 Gaisn‘dsa
1441 4697 1498 4751 MS.

499 4774 557 4824 ³Iu
589 4776 625 4825 Δ.
655 4772 678 4824 is
700 4772 801 4824 written
825 4772 856 4824 dc
884 4769 968 4823 ausui.
1051 4769 1348 4840 ⁵piapuauiiaera,Higd.
