3625 5784
640 927 907 978 omoosrsmsis
931 929 1142 980 ousosmos.
1362 917 1423 982 131

374 1123 551 1191 Glovernioe,
574 1123 768 1192 Herefordiae,
799 1125 985 1199 Welbeleyae,
1010 1125 1179 1192 Bristolliae,
1210 1126 1368 1196 Dudeleiae‚
1393 1129 1423 1181 et

374 1213 507 1286 Solopiae.
568 1213 631 1283 Quo
665 1213 766 1271 eudito
805 1215 950 1271 Robertus
988 1233 1084 1272 eomes
1115 1215 1280 1272 Glovernioe
1310 1217 1419 1272 nothus

371 1302 449 1358 filius
485 1303 564 1375 regis
612 1304 734 1361 Hemiei
778 1305 920 1361 invitavit
964 1323 1090 1361 sororem
1135 1323 1218 1362 suum
1263 1306 1418 1362 Metildom

371 1391 597 1466 imperatricem,
642 1393 825 1464 Andegsviae
861 1399 934 1450 tuno
978 1399 1153 1461 morantem,
1199 1399 1233 1450 ut
1277 1396 1417 1467 Anglism

370 1483 494 1550 veniret,
541 1481 685 1538 auxilium
728 1483 902 1555 promittens
940 1489 1043 1540 contre
1079 1501 1179 1556 regom
1226 1483 1415 1557 Stephanum.

192 1572 347 1637 Trys.col.
370 1573 531 1629 Venientes
562 1571 655 1643 igitur
692 1591 791 1629 mense
823 1573 905 1628 Julio
936 1573 1080 1630 Robertus
1101 1579 1132 1630 et
1162 1574 1297 1641 Matilde,
1322 1573 1416 1646 primo

196 1644 274 1691 ²³⁸⁶·
370 1662 448 1734 opud
470 1662 701 1728 Portesmudum‚
724 1662 830 1718 deinde
863 1662 942 1735 epod
972 1662 1152 1720 Bristolliom
1174 1664 1268 1719 multo
1290 1664 1417 1737 dampno

371 1751 599 1824 provintialibus
620 1752 762 1822 irrogent.
808 1752 891 1823 Quod
914 1771 964 1808 rex
987 1753 1108 1810 audiens
1132 1753 1251 1809 dimisse
1267 1753 1416 1810 obsidione

371 1859 458 1912 quom
481 1841 558 1898 oirou
580 1846 710 1896 oestrum
731 1841 768 1897 de
797 1842 1018 1914 wallyngtorth
1048 1844 1167 1910 feteret,
1199 1843 1270 1898 illue
1306 1842 1411 1899 tendit.

371 1930 430 1986 Sed
444 1931 504 1987 cito
518 1936 584 2003 post
598 1930 782 1986 Linoolnitm
798 1931 920 1987 obsedit.
966 1932 1066 2004 Igitur
1080 1932 1158 1988 uiros
1180 1932 1413 2005 purificationem

368 2020 461 2078 beutae
498 2021 601 2077 Morte
647 2021 793 2076 Renult'us
826 2038 922 2078 eomes
960 2021 1091 2088 Uestris,
1129 2022 1273 2078 Rebertus
1318 2039 1414 2078 eomes

369 2109 535 2168 (tlovernioe
557 2128 625 2166 oum
658 2110 792 2182 pluribus
828 2110 1025 2166 Wellensibus
1058 2111 1097 2166 ud
1130 2111 1301 2167 solvendum
1334 2111 1413 2183 regis

369 2199 549 2256 obsidionem
583 2205 735 2256 venerunt.
783 2199 840 2269 Qui
877 2218 945 2256 oum
977 2200 1114 2272 paludem
1148 2201 1339 2258 arundineum
1361 2200 1412 2258 vix

368 2291 551 2360 transissent,
573 2289 689 2346 eoiebus
713 2289 862 2361 dispositis
885 2290 928 2346 sio
960 2308 1055 2346 eomes
1078 2290 1198 2348 Gestriae
1233 2308 1300 2346 suos
1337 2291 1409 2346 ello·

367 2380 474 2451 quitur.
521 2381 543 2403 ‘⁴
554 2378 672 2436 Grotius
685 2379 768 2435 robis
783 2381 917 2452 persolvo
929 2378 1042 2452 jugiter
1057 2397 1187 2446 exorsus,
1205 2385 1239 2436 ut
1255 2379 1307 2453 qni
1322 2381 1406 2436 vobis

366 2469 385 2494 ‘³
396 2487 482 2526 oense
496 2486 562 2524 sum
577 2469 712 2541 periculi,
729 2468 841 2541 primus
856 2470 988 2525 omnium
1004 2469 1167 2542 perieulum
1183 2460 1330 2527 subsom.''
1353 2469 1409 2526 Oui

363 2557 439 2614 dixit
453 2577 549 2616 eomes
564 2558 717 2614 Robertus.
764 2560 783 2584 “
800 2561 869 2615 Non
891 2564 937 2614 est
958 2559 1115 2630 indignum
1137 2558 1215 2631 quod
1230 2558 1319 2632 primi
1334 2558 1410 2615 iotus

362 2648 382 2674 ‘⁸
406 2649 582 2720 dignitatem
605 2648 743 2720 depososs
766 2655 827 2704 tum
859 2667 894 2704 ex
928 2649 1083 2704 nobilitate
1110 2647 1225 2719 generis
1259 2665 1347 2720 quum
1373 2667 1409 2704 ex

361 2736 381 2762 “
405 2739 515 2795 virtute
530 2739 641 2794 roboris
657 2756 715 2809 que
728 2738 882 2810 prmoellis,
929 2738 987 2795 Sed
1002 2743 1101 2794 movet
1116 2756 1163 2793 me
1178 2737 1216 2792 ed
1239 2737 1407 2794 bollundum

360 2826 380 2852 ‘⁸
403 2829 482 2899 regis
496 2828 592 2884 robios
607 2834 637 2883 et
651 2826 822 2900 perjurium.
857 2829 1059 2886 Veruntamen
1070 2827 1190 2900 peritos
1205 2844 1262 2900 quo
1271 2825 1406 2884 venimus

360 2916 378 2941 “
403 2936 462 2974 non
481 2923 526 2974 est
539 2917 755 2974 revertendum.
802 2917 861 2973 Hie
884 2918 978 2989 igitur
1008 2916 1185 2974 vinoendum
1215 2922 1266 2972 eut
1289 2933 1405 2973 oooum·

359 3006 379 3032 ‘⁶
402 3007 541 3074 bendum,
564 3025 680 3064 neeesse
695 3012 740 3063 est
762 3007 842 3063 enim
868 3012 901 3063 ut
915 3007 954 3062 ud
981 3006 1155 3079 probitatem
1182 3005 1334 3077 confugiet
1356 3004 1405 3062 oui

360 3096 379 3121 “
403 3115 464 3154 nou
485 3103 531 3155 est
554 3097 636 3154 eliud
659 3097 817 3169 refugium.
863 3096 1019 3153 Attendite
1039 3101 1138 3152 temen
1161 3101 1263 3152 oontre
1278 3112 1350 3167 quos
1374 3101 1404 3152 et

359 3185 379 3210 “
403 3188 503 3259 qunles
536 3187 646 3244 bellum
669 3186 781 3258 geritis.
828 3187 896 3244 Stut
929 3185 1008 3242 enim
1040 3191 1142 3242 contro
1176 3203 1227 3242 vos
1250 3201 1346 3241 comes
1368 3185 1404 3242 de

359 3273 377 3300 '⁸
402 3276 527 3333 Mellent
548 3276 660 3332 frondis
681 3277 799 3343 artifex,
815 3277 864 3333 eui
879 3277 982 3332 inuste
997 3280 1041 3332 est
1057 3277 1089 3332 in
1105 3276 1191 3332 eorde
1207 3274 1347 3346 nequitie,
1371 3273 1403 3330 in

360 3363 378 3389 ‘⁸
403 3367 601 3432 mosellanis,
625 3366 657 3422 in
683 3384 770 3439 opere
792 3365 924 3438 pigritie.
970 3366 1106 3422 Procedit
1129 3365 1218 3421 etiem
1241 3383 1336 3420 eomes
1367 3364 1403 3421 do

356 3453 376 3480 “
399 3455 577 3522 Albemorle‚
601 3457 717 3512 Buooho
739 3456 870 3521 devotus,
894 3456 985 3512 Marti
1008 3455 1137 3526 ignotus,
1160 3455 1230 3510 vino
1261 3455 1403 3520 redolens,

357 3543 376 3569 ‘⁸
400 3546 479 3602 bello
517 3545 654 3602 insolens.
701 3545 789 3601 Astot
818 3545 860 3600 ibi
899 3546 1002 3602 Simon
1032 3542 1283 3617 Hemptoniensis,
1318 3543 1403 3616 eujus

357 3632 376 3659 ‘⁶
400 3641 483 3692 sotus
505 3636 567 3694 solo
589 3636 708 3703 leontio,
732 3634 816 3707 eujus
847 3634 950 3690 dotum
972 3635 1034 3691 solu
1067 3634 1229 3707 promissio,
1253 3634 1304 3706 qui
1336 3651 1403 3689 eum

358 3722 377 3750 “
401 3724 510 3782 dixerit
531 3725 611 3795 feeit,
633 3744 701 3782 oum
723 3723 891 3797 promiserit
913 3723 1023 3781 dedit.”

400 3815 463 3872 Rex
486 3821 585 3872 sutem
609 3815 778 3889 Stephanus
800 3815 855 3871 sub
876 3815 969 3870 tontis
992 3814 1111 3872 metibus
1136 3814 1256 3870 missum
1278 3812 1401 3880 audivit,

357 3904 524 3962 Alexandro
569 3904 705 3978 episeopo
736 3910 809 3960 tune
844 3905 1015 3961 eelebrente.
1078 3905 1116 3960 In
1154 3901 1237 3973 eujus
1266 3901 1402 3958 menibus

356 4011 454 4052 nereus
477 4014 564 4067 quem
586 4013 637 4050 rex
660 3994 770 4067 optulit
784 3996 950 4051 oonfrsetus
972 3999 1025 4061 est,
1049 3996 1080 4049 et
1105 3991 1181 4065 pixis
1203 3991 1255 4065 qui
1276 3991 1403 4048 hostiam

359 4083 506 4140 oontinuit
530 4085 625 4140 frunto
656 4090 759 4141 eatena
797 4084 910 4141 oeoidit.
958 4083 1041 4154 Quod
1063 4083 1181 4154 quidem
1205 4081 1324 4151 signum
1346 4081 1404 4135 t'uit

356 4174 447 4246 rogim
490 4174 595 4231 mine.
664 4174 842 4231 Procedente
893 4173 1014 4230 {endem
1059 4188 1139 4242 rege,
1195 4169 1284 4225 verbe
1332 4168 1402 4224 belli

355 4264 554 4320 exhortatorio
584 4263 745 4336 Beldsryno
776 4264 878 4320 eomiti
901 4267 971 4319 sunt
994 4260 1156 4320 commisse.
1201 4257 1258 4327 Qui
1282 4262 1402 4313 oaeteros

353 4351 461 4410 effetos
506 4354 538 4409 in
576 4355 656 4410 huno
692 4353 820 4410 modum.
883 4354 903 4378 “
917 4351 1130 4423 Oonfligentem
1167 4352 1281 4421 oportet
1317 4363 1402 4402 nosse

354 4439 373 4469 “
397 4444 475 4511 trie3
508 4443 660 4514 justioism
694 4461 801 4511 oense,
824 4461 862 4499 ne
884 4441 1046 4514 pemoulum
1072 4437 1178 4496 onimae
1209 4437 1401 4494 ineurmturr

354 4531 374 4560 ‘⁴
398 4534 513 4607 oopium
557 4539 692 4600 outervoe,
737 4552 776 4589 ne
820 4549 943 4588 numero
992 4528 1121 4586 hostium
1170 4526 1398 4598 eomprimutur:

352 4618 371 4648 ‘⁸
396 4623 554 4679 effioeeiem
588 4624 708 4690 dextras,
747 4642 785 4679 ne
809 4622 956 4679 debilibus
979 4619 1081 4676 innixe
1115 4617 1202 4674 fuoile
1236 4617 1400 4673 subruetur.

352 4708 546 4782 “Quantum
583 4714 621 4769 ed
658 4713 723 4770 hec
767 4712 826 4768 triu
871 4717 907 4768 nt
955 4710 1081 4766 arbitror
1119 4705 1246 4779 expediti
1292 4723 1399 4762 sumus

353 4799 552 4860 “Attendite
589 4803 715 4860 ulterius
759 4802 859 4874 quoles
904 4801 1045 4857 hebemus
1082 4795 1269 4856 adversarios.
1327 4797 1402 4854 Eoos

1251 4906 1309 4968 12
