3625 5784
431 885 499 954 322
782 900 930 952 suumn
954 902 1137 953 emensos

436 1094 456 1119 '⁸
479 1100 594 1151 nostros
632 1093 789 1161 interiecit,
828 1099 859 1150 et
888 1094 1040 1149 nonnullis
1073 1092 1172 1149 nantis
1204 1091 1314 1148 nostris
1347 1110 1399 1165 per
1433 1110 1483 1148 eos

436 1183 456 1209 “
481 1184 675 1257 interemptis,
713 1202 803 1239 neres
840 1184 994 1238 hominum
1032 1188 1199 1239 nostrorum
1238 1182 1325 1253 regni
1362 1182 1482 1253 Angliae

436 1269 609 1329 “comburi
641 1274 719 1328 lecit.
766 1274 804 1327 Et
826 1272 991 1343 evestigio
1014 1272 1098 1328 nobis
1120 1272 1244 1327 redditis
1279 1272 1417 1341 homagio
1451 1276 1481 1326 et

437 1362 457 1386 ⁴¹
482 1352 647 1418 fidelitate¹
672 1380 726 1434 per
746 1379 846 1432 regem
870 1362 978 1417 Scotioe
1001 1368 1062 1417 tem
1094 1379 1148 1433 pro
1171 1378 1201 1417 se
1227 1379 1316 1434 quem
1338 1378 1392 1433 pro
1414 1360 1481 1414 aliis

438 1452 714 1527 “quibuscumque
750 1451 836 1521 regni
884 1450 932 1505 sni
969 1450 1072 1506 incolis
1117 1468 1169 1522 per
1213 1450 1301 1505 verba
1344 1448 1480 1505 effectum

437 1539 456 1566 ¹‘
479 1541 649 1597 diffidentie
671 1540 876 1613 exprimentis,
910 1538 1068 1595 comitatus
1103 1546 1217 1595 nostros
1250 1538 1480 1603 Nerthumbriae,

437 1628 455 1654 ‘³
480 1629 638 1696 Gnmbriae,
672 1618 950 1696 Westmerlsndiae,²
983 1634 1160 1699 congregato
1197 1628 1314 1699 ingenti
1352 1626 1481 1683 exercitu

437 1719 629 1775 “hostiliter
661 1736 713 1790 per
749 1735 780 1773 se
817 1723 848 1773 et
884 1736 952 1773 suos
985 1717 1103 1785 invasit,
1137 1722 1265 1789 stragem
1298 1717 1482 1772 innumeram

439 1807 457 1834 “
480 1808 632 1863 hominum
654 1812 829 1874 nostrorum,
852 1806 989 1863 incendis
1017 1806 1269 1873 monasteriorum,
1292 1806 1481 1861 ecclesiarum

439 1898 459 1922 “
483 1902 513 1951 et
534 1897 672 1952 uillarum
694 1886 879 1951 inhnmane³
901 1884 1116 1969 pertrectendo,
1139 1900 1170 1951 et
1202 1896 1328 1967 patriam
1352 1895 1496 1966 undique.

440 1986 459 2011 ⁸⁸
483 1984 694 2057 depopulando,
717 1984 845 2041 inientes
876 1984 909 2041 in
944 1986 1027 2041 cunis
1054 1991 1084 2040 et
1115 1985 1252 2040 mulieres
1274 1985 1306 2039 in
1328 1984 1482 2056 puerperio

439 2076 459 2100 ¹⁴
483 2064 683 2130 decubantes*
700 2064 864 2130 atrociter⁶
886 2079 917 2130 et
932 2074 1139 2130 miserabiliter
1153 2074 1344 2138 trucidantes,
1361 2078 1391 2128 et
1406 2072 1483 2145 quod

440 2161 460 2189 '‘
482 2163 586 2218 auditu
618 2161 795 2219 horrendum
827 2167 882 2230 est,
906 2182 925 2218 a
955 2164 1086 2219 nonullis
1113 2162 1284 2219 mulieribus
1317 2150 1485 2217 mamillss⁶

440 2248 458 2277 “
482 2250 677 2319 absciderunt,
701 2269 806 2323 paruos
828 2252 982 2308 clericulos
1005 2252 1115 2325 primae
1147 2242 1270 2307 literas⁷
1301 2252 1483 2306 addiscentes

439 2341 457 2367 ‘⁸
480 2341 519 2396 ad
555 2359 709 2397 numerum
748 2340 864 2397 circiter
893 2341 1085 2397 ducentorum
1117 2340 1150 2396 in
1184 2340 1289 2396 scholis
1327 2339 1484 2396 existentes

439 2431 460 2456 “
484 2430 640 2486 obstructis
662 2416 774 2486 esunt
800 2420 894 2501 igne⁰
924 2430 1073 2503 supposito
1105 2434 1367 2485 concremaverunt.
1421 2428 1483 2485 Nos

440 2518 457 2544 ‘⁶
482 2536 595 2591 quoque
614 2524 766 2575 cernentes
779 2524 825 2575 tot
840 2518 957 2583 damus,
974 2519 1138 2591 opprobria,
1155 2518 1284 2574 iocinore
1306 2524 1337 2575 et
1359 2516 1482 2588 injurias

440 2608 459 2633 ‘⁴
483 2607 516 2663 iu
524 2599 550 2639 ¹⁰
572 2608 834 2664 exheredationem
856 2614 987 2663 nostram
1022 2614 1053 2663 et
1085 2607 1312 2664 destructionem
1346 2608 1446 2679 populi
1458 2596 1483 2636 ¹¹

439 2696 459 2723 “
479 2696 564 2768 regni
602 2697 695 2753 nostri
739 2696 974 2769 proditionaliter
1019 2696 1151 2768 irrogcri,
1197 2697 1328 2753 nolentes
1372 2696 1484 2751 ratione

439 2783 639 2858 “juramenti
666 2803 723 2858 quo
755 2787 791 2841 ad
824 2785 1074 2843 conservationem
1105 2784 1218 2858 jurium
1253 2804 1367 2842 coronae
1398 2784 1484 2855 regni

438 2873 456 2899 “
479 2876 572 2930 nostri
605 2892 706 2931 sumus
733 2874 855 2942 astricti,
877 2880 941 2931 tem
963 2874 1124 2931 execranda
1146 2881 1177 2930 et
1199 2875 1326 2931 nefanda
1354 2874 1483 2929 facinore

438 2963 456 2991 ‘⁶
480 2963 604 3019 ulterius
640 2965 764 3020 tolerare
801 2982 855 3021 neo
889 2962 959 3035 jura
990 2970 1090 3020 nostra
1127 2964 1290 3036 relinquere
1322 2964 1482 3030 indefensa,

439 3053 459 3079 ‘⁶
483 3053 651 3109 cumidem
674 3054 823 3109 Johannee
845 3042 932 3109 rex¹²
959 3052 1113 3109 Scotorum
1135 3058 1166 3109 et
1195 3071 1266 3123 gens
1300 3070 1352 3109 sus
1374 3050 1482 3108 subditi
1496 3048 1581 3112 Tuus·
1595 3048 1645 3098 001-

439 3142 458 3169 ‘⁶
482 3144 575 3198 nostri
597 3160 650 3215 per
671 3132 801 3213 legem¹³
824 3148 855 3198 et
872 3140 1021 3213 justitiam
1045 3160 1075 3197 se
1094 3140 1251 3214 justificari
1274 3142 1395 3197 minime
1417 3159 1483 3213 per-
1497 3118 1570 3164 ⁹⁴⁸⁹·

437 3231 458 3256 “
482 3231 639 3297 misissent,
656 3230 719 3302 ipso
742 3248 834 3301 regno
850 3231 969 3299 Secties,
985 3232 1064 3303 quod
1078 3248 1096 3285 a
1112 3231 1291 3303 longissimis
1306 3232 1484 3304 temporibus

438 3320 458 3345 ‘⁸
482 3318 558 3375 sicut
592 3320 724 3392 superius
755 3319 930 3391 exprimitur
952 3320 1037 3376 nobis
1060 3325 1090 3375 et
1112 3320 1349 3393 progenitoribus
1371 3320 1484 3375 fecdsle

438 3408 457 3435 ⁸⁸
482 3407 590 3473 extitit,
623 3428 658 3463 ex
695 3410 790 3463 causis
823 3408 982 3480 premissis
997 3399 1023 3439 ¹⁴
1057 3408 1239 3477 [commisso]
1275 3410 1378 3465 deinde
1408 3409 1486 3464 bello

438 3498 458 3522 “
478 3496 565 3567 juxte
587 3497 666 3568 leges
687 3502 718 3552 et
741 3498 966 3553 consuetudines
995 3496 1081 3569 regni
1103 3498 1196 3553 nostri
1219 3504 1321 3553 contre
1343 3516 1392 3555 eos
1413 3516 1448 3553 ex
1459 3487 1486 3526 ¹⁵

437 3586 457 3610 ‘⁴
482 3584 604 3640 oonsilio
641 3604 792 3658 procerum
807 3575 834 3615 ¹⁶
864 3592 1032 3642 nostrornm
1071 3586 1193 3653 indicto,
1233 3592 1335 3642 contro
1373 3586 1485 3642 dictum

437 3674 457 3699 ‘⁴
482 3674 646 3729 Johannem
684 3680 713 3729 et
750 3679 870 3745 gentem
903 3676 1057 3731 Scotorum
1095 3675 1172 3731 vires
1204 3675 1346 3747 potentiue
1377 3682 1486 3730 nostre

427 3760 456 3828 '⁴‘
479 3763 672 3829 extendimus,
707 3768 794 3834 prout
826 3764 912 3819 nobis
946 3764 1032 3819 licuit
1064 3764 1099 3821 de
1130 3764 1208 3835 jure,
1242 3770 1272 3820 et
1295 3766 1488 3836 processimus

469 4103 477 4136 ¹
490 4102 632 4167 fidelitate,
644 4102 696 4163 A.;
710 4102 839 4167 fideliter,
850 4104 910 4155 MS.
1024 4104 1044 4137 ¹⁰
1060 4106 1096 4167 in,
1107 4106 1140 4155 n.
1152 4125 1160 4167 ς
1177 4112 1209 4165 et,
1221 4107 1299 4157 MSS.

468 4180 479 4213 ²
494 4182 567 4245 regni
577 4182 659 4230 nostri
669 4181 781 4244 Aeetia,
792 4183 851 4232 edd.
863 4183 897 4231 R.
1024 4182 1043 4214 ¹¹
1059 4183 1157 4247 populi,
1170 4184 1217 4245 n.;
1235 4183 1300 4243 olins,
1312 4184 1389 4235 Mst.

467 4258 478 4291 ¹
495 4259 665 4310 inhumaniter
672 4259 855 4323 perpetrando,
866 4262 898 4310 R.
1025 4260 1044 4293 ¹¹
1061 4276 1107 4311 ree
1121 4261 1265 4327 Scotorum]
1286 4278 1337 4312 om.
1349 4264 1382 4313 R.

467 4336 479 4369 ⁴
495 4337 673 4396 decumbentes,
684 4338 716 4386 R.
1024 4338 1043 4371 ¹³
1060 4338 1137 4403 lepem
1149 4348 1173 4389 et
1178 4340 1321 4406 justitiam]
1341 4344 1418 4407 leges,
1432 4344 1461 4393 n.

467 4416 477 4447 ¹
495 4416 625 4475 circester,
637 4414 696 4480 ete]
717 4414 900 4465 inmisericordi
913 4422 938 4467 et
1024 4416 1042 4449 ¹⁴
1060 4418 1128 4468 Here
1142 4418 1168 4467 in
1179 4420 1242 4467 both
1256 4420 1331 4470 MSS.
1344 4436 1360 4470 s
1377 4436 1451 4485 space
1468 4421 1491 4469 ie

433 4492 514 4546 atroci
523 4492 620 4543 eaeritia
631 4492 797 4553 trueidsruut,
810 4494 842 4543 s.
987 4494 1034 4546 left
1053 4496 1093 4546 icr
1112 4498 1191 4547 about
1209 4497 1279 4564 eight
1298 4500 1402 4559 letters;
1428 4515 1491 4549 com-

466 4572 477 4605 *
494 4572 625 4630 atrociter,
636 4572 695 4621 edd.
708 4572 739 4621 R.
951 4585 957 4609 ¹
988 4575 1070 4636 misso,
1081 4576 1114 4626 R.

466 4651 477 4689 ἲ
493 4652 837 4715 etpranunalrcnrn,edd.1t.
989 4666 992 4673 ·
1023 4652 1042 4683 ¹⁵
1059 4653 1104 4719 ee]
1122 4656 1162 4713 de,
1174 4654 1206 4704 R.

463 4729 475 4761 ⁸
493 4728 593 4787 tostire,
604 4729 654 4787 Α.;
671 4728 729 4786 tiis,
740 4729 799 4779 MS.
1023 4730 1043 4763 ¹⁶
1057 4732 1205 4799 procerum]
1226 4748 1359 4797 procerum
1380 4739 1406 4785 et
1422 4750 1492 4801 mug-

464 4808 476 4841 ⁹
492 4805 645 4867 retulerunt,
656 4808 713 4857 add.
726 4809 758 4857 n.
987 4816 1083 4868 natum,
1094 4808 1126 4860 R.
