3625 5784
432 899 495 966 282
780 909 927 964 sanator
950 908 1131 962 suessos

261 1119 295 1156 ⁰¹¹
306 1105 392 1176 50¹1&
431 1132 503 1189 quas
534 1115 669 1173 honestas
703 1119 733 1173 et
764 1116 857 1189 pudor
890 1116 975 1173 affari
1004 1135 1057 1174 nos
1090 1115 1226 1189 prohibet
1257 1113 1289 1169 in
1319 1113 1481 1188 presenti?

262 1175 395 1304 32¹3&
434 1205 510 1262 Sane
532 1207 663 1262 redditus
685 1207 793 1280 copiosi
816 1207 922 1280 quibua
944 1226 980 1264 er
1002 1208 1131 1280 plurium
1157 1223 1315 1277 regnorum
1342 1223 1480 1278 paupera·

261 1306 373 1360 minion,
433 1297 512 1352 tione
547 1297 688 1364 ditantur,
713 1297 955 1368 quemadmodum
989 1299 1045 1370 ipsi
1076 1297 1179 1361 nostis,
1203 1297 1281 1368 ipsos
1302 1296 1415 1351 faciunt
1436 1297 1479 1351 iu·

434 1386 538 1442 ssnire.
584 1387 672 1458 Apud
695 1403 748 1442 nos
764 1385 923 1444 Christiani
945 1387 1123 1452 mendicant,
1140 1392 1174 1440 nt
1197 1385 1275 1458 apud
1289 1403 1338 1440 eos
1353 1375 1480 1458 pauem¹

262 1476 559 1549 'lheirgreatpaterini
581 1477 764 1533 manducent.
812 1477 859 1531 Ibi
885 1483 1051 1533 nostrornm
1084 1476 1185 1531 domos
1217 1475 1348 1542 obruitis,
1372 1480 1407 1529 ut
1431 1475 1480 1530 hie

262 1559 399 1662 ffiw'ffi
432 1565 603 1622 advmsariis
637 1567 741 1639 oppida
775 1567 972 1633 confirmetis3
1007 1567 1048 1621 sic
1082 1565 1118 1621 de
1152 1567 1256 1621 restris
1290 1565 1480 1638 eleemosynis

261 1627 333 1728 2110*ss
345 1630 414 1730 md?
432 1655 504 1710 tales
521 1655 640 1734 Christi
654 1674 793 1728 pauperes
816 1658 983 1722 eristentati,
1000 1673 1056 1727 qne
1078 1655 1211 1711 beneficii
1235 1656 1478 1726 compensatione,

263 1779 343 1829 What
355 1797 370 1830 a
433 1762 490 1817 qna
521 1745 623 1800 saltem
657 1745 845 1816 gratitudinis
878 1746 1056 1801 exhibitione
1089 1746 1172 1801 vobis
1206 1762 1236 1800 se
1267 1748 1407 1816 praestent
1428 1744 1480 1799 ob-

262 1835 558 1912 retumtheynoxiosi
605 1824 744 1905 Quanto²
775 1834 973 1906 indigentibus
1007 1853 1111 1890 manns
1144 1836 1284 1905 largiores
1312 1833 1478 1900 extenditis,

261 1913 336 1964 ’ΝΕ
348 1913 389 1964 f01'
432 1929 515 1980 tanto
538 1941 598 1980 non
622 1924 716 1980 solum
739 1943 842 1980 manns
865 1925 1027 1981 sedetiam
1057 1924 1144 1996 pedes
1173 1923 1288 1980 aridius
1318 1925 1479 1996 apprehen·

261 1979 382 2097 migr
433 2014 517 2080 dant,
541 2031 592 2070 suo
615 2032 666 2070 vos
690 2015 791 2086 laqueo
814 2015 985 2083 detinentes,
1007 2015 1083 2070 sicut
1108 2013 1253 2070 aviculam
1278 2031 1343 2085 quse
1369 2018 1479 2085 quante

261 2110 352 2165 them!
431 2102 469 2159 ad
502 2104 666 2160 evasionem
698 2104 802 2158 fortias
832 2105 940 2160 nititur
973 2109 1056 2160 tanto
1078 2103 1192 2158 firmius
1214 2103 1360 2174 alligatur.
1406 2103 1479 2159 Hane

262 2205 368 2272 Alea„
431 2183 535 2248 vobis³
556 2193 590 2249 ad
616 2210 742 2266 praeseus
765 2194 916 2250 scribenda
943 2194 1108 2250 curavimus
1141 2193 1349 2248 insufficienter
1382 2193 1478 2265 expri-

261 2273 386 2388 pffll’issss
431 2282 536 2339 mendo
569 2287 671 2338 votum
702 2287 844 2349 nostrum,
868 2283 927 2339 alia
960 2285 1093 2356 quasdam
1122 2282 1295 2339 reservando
1319 2283 1402 2338 vobis
1425 2300 1478 2355 pro

273 2356 302 2389 οἳ
312 2356 390 2390 Μ’·
430 2377 559 2445 tempore
593 2373 731 2429 secretius
763 2364 952 2440 intimanda,⁴
982 2373 1108 2445 qualiter
1142 2373 1254 2428 seilicet
1288 2377 1318 2427 et
1351 2373 1382 2426 in
1405 2389 1477 2444 quos

259 2431 368 2552 {nmo
430 2479 499 2517 usus
537 2463 654 2518 diuitiae
691 2481 851 2535 pauperum
896 2462 1033 2535 expandit
1078 2462 1268 2534 prodigalitas
1312 2477 1477 2529 avarorum,

261 2567 391 2628 saphara·
431 2552 546 2623 quantis
569 2553 658 2608 etiarn
680 2552 791 2608 viribus
814 2553 846 2608 in
869 2551 924 2608 hoo
945 2571 1013 2608 vera
1046 2540 1149 2624 qnod⁶
1175 2553 1267 2606 instat
1289 2568 1388 2606 omnes
1411 2552 1478 2606 illos

259 2631 331 2682 atter.
429 2641 481 2712 qui
503 2640 589 2697 modo
612 2660 664 2706 nos
687 2640 858 2714 opprimunt
880 2642 1043 2715 opprimere
1065 2660 1148 2714 posse
1182 2659 1331 2713 speremus
1362 2640 1418 2696 etsi
1447 2659 1477 2697 se

259 2723 317 2773 Y⁰¹¹
330 2740 389 2790 ΜΨ
428 2730 513 2786 nobis
551 2737 710 2804 opponeret
747 2735 827 2788 totus
864 2732 1000 2788 muudus.
1062 2730 1206 2802 Quicquid
1243 2736 1342 2786 autern
1379 2729 1479 2786 fideles

258 2797 394 2908 {gnesin
428 2820 522 2876 nostri
554 2821 659 2877 latores
690 2822 880 2894 proesentium
914 2821 996 2878 vobis
1032 2820 1188 2876 retulerint
1226 2819 1352 2876 credatis
1384 2838 1418 2876 ac
1450 2820 1477 2876 si

259 2923 409 2988 chamports
430 2915 548 2966 sanctas
570 2911 674 2966 Petrus
705 2909 833 2982 jurasset
855 2911 1040 2966 fimiesimum
1066 2911 1217 2982 reputetis,
1241 2899 1320 2966 neo⁰
1352 2909 1476 2966 credatis

258 2989 342 3040 ⁰f01¹f
429 2999 595 3072 aliqualiter
626 3000 703 3072 qnod
737 3018 789 3074 per
812 3001 901 3056 latam
925 3000 957 3055 in
979 3019 1033 3055 noa
1055 3001 1189 3072 papalem
1211 2999 1388 3055 seutentiam
1410 3016 1476 3055 nos·

258 3071 368 3187 ἓθιῗθῃ·
429 3093 483 3145 trae
507 3089 734 3160 magnanimitas
756 3089 918 3162 majestatis
950 3090 1134 3162 aliquatenus
1156 3092 1334 3146 incurratur.
1379 3088 1475 3144 Haba-

258 3213 384 3266 Wehm
429 3195 495 3234 mus
526 3179 616 3235 etiam
650 3179 836 3236 conscientias
869 3179 1039 3252 puritatem,
1063 3183 1094 3233 et
1115 3197 1167 3251 per
1189 3195 1367 3250 consequens
1389 3177 1476 3234 deum

257 3283 352 3332 acle„
430 3269 590 3336 nobiscum,
622 3267 705 3340 cnjus
736 3270 939 3325 testimoninm
970 3269 1139 3325 invocamus
1170 3268 1241 3340 qnia
1271 3285 1385 3341 semper
1417 3268 1476 3322 tuit

259 3347 406 3400 ⁰⁰¹¹⁸0501¹00
429 3361 536 3413 nostrae
560 3357 686 3415 intentio
708 3359 868 3414 voluntatis
890 3358 1010 3414 clericos
1031 3356 1229 3430 cujuscunque
1254 3356 1407 3428 religionis
1436 3357 1475 3413 ad

256 3414 417 3532 ffiffigfifn
430 3445 492 3502 haee
523 3446 671 3514 inducere,
703 3450 734 3503 et
764 3449 889 3504 maxime
921 3447 1072 3513 maximos,
1096 3453 1130 3502 ut
1163 3447 1236 3503 tales
1258 3451 1475 3520 perseverarent

258 3569 307 3622 we
319 3573 403 3624 would
428 3535 459 3590 in
482 3535 540 3592 fine
563 3537 661 3608 quales
684 3536 796 3592 dudum
819 3538 936 3594 fuerant
959 3537 990 3591 in
1016 3537 1138 3593 eeclesia
1168 3537 1327 3609 primitiva,
1351 3537 1474 3608 Aposto-

257 3635 373 3689 hmm.
427 3623 512 3680 licam
545 3625 656 3682 scilicet
686 3627 778 3683 vitam
811 3626 958 3692 ducentes,
981 3626 1179 3683 humilitatem
1209 3626 1385 3681 dominicam
1415 3642 1474 3681 sec-

258 3706 397 3782 ⁸i⁰ff³dth⁶
426 3717 533 3781 tantas,
565 3721 596 3771 et
627 3715 757 3772 subditos
789 3716 981 3772 informantes
1014 3716 1103 3772 verbo
1134 3721 1165 3771 et
1193 3716 1333 3787 exemplo.
1389 3715 1474 3771 Tales

256 3769 347 3902 ,ciffi
358 3839 387 3888 of
425 3821 552 3876 namque
578 3805 649 3860 olim
676 3806 807 3862 solebant
830 3808 950 3878 angelos
972 3805 1091 3872 intueri,
1115 3805 1265 3860 miraculis
1299 3793 1474 3869 coruscare,⁷

257 3901 301 3953 the
313 3919 388 3969 ape..
426 3910 519 3964 aegros
542 3912 652 3961 curare,
676 3900 804 3952 mortuos
828 3896 977 3960 suscitare,
1001 3899 1032 3950 et
1058 3885 1237 3950 sanctitate⁸
1270 3894 1391 3967 spiritns
1413 3911 1474 3949 non

257 3969 538 4040 20¹1⁰¹i¹ue⁸armu⁹
569 3983 625 4040 sibi
657 4001 741 4056 reges
774 3989 804 4042 et
836 3982 984 4058 principes
1007 3983 1170 4056 subjugare.
1226 3983 1269 4038 At
1299 3983 1350 4038 isti
1375 3983 1473 4038 saonlo

423 4071 526 4140 dediti,
565 4073 677 4130 deliciis
714 4072 839 4130 debriati
877 4074 964 4134 deum
1002 4077 1238 4146 postposuerunt,
1277 4091 1401 4145 qnorum
1438 4091 1474 4128 ex

456 4316 580 4384 1ριιιιιιιιι]
613 4315 719 4368 omitted
747 4317 775 4368 in
803 4317 847 4379 A,
875 4319 923 4368 but
1006 4317 1152 4380 ‘neam
1169 4319 1213 4379 sic,
1226 4318 1282 4370 MS.

422 4397 504 4448 added
515 4395 541 4447 in
553 4397 596 4447 the
606 4395 712 4462 margin.
1005 4397 1016 4434 ⁷
1033 4397 1192 4459 clencaeare,
1206 4399 1278 4449 MSS.

456 4477 560 4528 2Αῐιιιι·
593 4476 698 4537 Quanto
726 4475 784 4528 MS.
812 4475 859 4526 has
887 4474 924 4526 od
1006 4474 1201 4536 honestiorem,
1210 4479 1283 4528 MSS.

423 4555 695 4620 enionmiwrongly.
1006 4554 1121 4607 larmir.
1149 4559 1181 4606 Iu
1191 4557 1254 4606 both
1266 4557 1345 4608 MSS.
1357 4557 1401 4608 the
1418 4566 1474 4608 text

455 4633 647 4696 ’nottaltss
972 4632 994 4682 is
1018 4635 1105 4684 camis
1125 4651 1218 4693 unus-e,
1236 4637 1283 4686 but
1300 4636 1374 4686 ins.
1394 4639 1473 4686 armis

456 4713 466 4746 ⁴
484 4714 628 4774 intimanda,
639 4715 712 4764 MSS.
972 4712 994 4763 is
1006 4730 1022 4764 a
1033 4713 1216 4766 correctiones
1230 4732 1247 4764 a
1257 4716 1322 4766 later
1333 4714 1411 4775 hand,
1423 4717 1473 4767 and

454 4793 465 4825 ⁶
482 4791 561 4858 quod]
577 4808 627 4843 om.
646 4791 793 4856 usaria
807 4793 876 4844 word
899 4791 921 4843 ie
971 4807 1059 4844 amare
1070 4794 1175 4845 marked
1185 4799 1212 4847 to
1224 4795 1255 4844 be
1267 4792 1381 4852 omitted,

421 4871 819 4934 addediaalatterhandind.
