3625 5784
631 886 899 938 inveneramus
922 888 1131 941 cmeomcor.
1349 876 1412 941 331

358 1068 403 1133 Et
436 1091 506 1151 rex,
540 1079 557 1106 ‘¹
570 1071 682 1137 Etiam
712 1074 783 1138 aine
813 1096 867 1139 me
896 1074 962 1139 ibis
994 1096 1070 1141 eum
1099 1074 1201 1140 aliis.”
1270 1074 1318 1139 At
1347 1072 1412 1150 ille,

357 1178 373 1207 “
397 1171 475 1237 Non
506 1177 628 1251 teneor,
650 1196 712 1239 nec
741 1181 794 1241 est
824 1198 906 1241 meae
930 1176 1114 1243 voluntatis
1145 1199 1165 1243 0
1196 1199 1256 1242 rex
1286 1177 1355 1241 sine
1381 1182 1412 1241 te

357 1279 375 1306 “
396 1272 461 1337 iter
481 1274 654 1361 arripere.''
699 1276 745 1340 Et
767 1277 874 1342 iratus
894 1299 955 1343 rex
978 1279 1131 1365 prompit
1153 1279 1189 1342 in
1209 1277 1280 1344 haee
1301 1278 1412 1354 verba,

356 1378 397 1437 ut
425 1374 558 1455 dicitur,
590 1376 687 1441 “Per
724 1377 875 1455 deum,o
910 1399 1027 1457 eomes,
1055 1384 1116 1445 aut
1147 1379 1211 1443 ibis
1243 1384 1303 1444 aut
1333 1399 1412 1465 pen-

357 1482 375 1509 “
397 1475 518 1542 debis.”
563 1478 608 1542 Et
637 1478 704 1556 ille,
726 1478 819 1544 “Per
849 1480 938 1545 idem
964 1480 1203 1566 juramentum,
1226 1502 1246 1546 o
1268 1502 1337 1557 rex,
1352 1501 1412 1546 nee

356 1586 376 1616 “
396 1580 453 1645 ibo
474 1603 536 1647 nec
557 1582 735 1668 pendebo.”
780 1584 825 1649 Et
847 1584 983 1650 licentia
1012 1606 1080 1651 non
1106 1592 1241 1672 accepta
1268 1585 1410 1651 recessit

357 1680 566 1748 Dissolutum
589 1689 640 1749 est
661 1685 835 1751 concilium
855 1707 915 1772 pro
938 1686 995 1752 illo
1019 1687 1080 1753 die.
1128 1686 1315 1755 Confestim
1333 1708 1412 1752 vero
1426 1700 1533 1751 couneil

358 1780 425 1847 duo
447 1785 584 1850 comitas
606 1786 664 1851 isti
688 1786 878 1852 Herfordiae
910 1793 945 1853 et
973 1787 1212 1853 Mareschallus
1243 1788 1412 1853 associatis
1425 1767 1522 1815 broken
1531 1781 1573 1829 ''¹''

357 1884 422 1949 sibi
454 1886 571 1951 multis
605 1887 819 1973 magnatibus
846 1894 881 1952 et
903 1886 1079 1974 plusquam
1102 1912 1183 1955 xxx.
1207 1888 1415 1955 banerettis¹

359 1985 472 2053 electis
509 1994 687 2055 creverunt
724 1990 760 2054 in
797 1989 959 2077 populum
997 1992 1150 2068 multum,
1182 1992 1414 2077 numeratique

358 2090 497 2154 suntin
520 2091 614 2175 equis
636 2092 775 2157 armatis
797 2092 889 2157 mille
911 2094 1086 2179 quingenti
1109 2094 1175 2159 viri
1199 2094 1347 2180 expediti
1369 2094 1413 2160 ad

358 2189 490 2256 bellum.
537 2192 583 2258 Et
606 2194 709 2279 coepit
731 2215 786 2259 eos
808 2194 927 2260 timere
949 2216 1017 2272 rex,
1040 2195 1266 2261 dissimulavit
1287 2201 1412 2261 tamen.

359 2291 416 2357 Illi
446 2294 585 2379 profecti
615 2295 652 2359 in
681 2301 787 2360 terras
818 2317 894 2361 sues
917 2295 1098 2362 noluerunt
1128 2298 1296 2363 ministros
1327 2299 1413 2385 regis
1426 2308 1515 2386 alara
1527 2308 1559 2358 οι

359 2394 551 2479 permittere
583 2415 644 2460 nec
676 2396 769 2461 lanas
799 2417 860 2461 nee
893 2396 984 2462 coria
1014 2418 1074 2463 nec
1113 2397 1413 2463 extraordinarium
1425 2375 1469 2424 ²¹¹⁰
1482 2377 1552 2441 ¹⁰⁰⁸·

360 2495 534 2581 quicquam
557 2517 674 2583 capere
696 2503 756 2563 aut
786 2497 916 2583 aliquid
938 2498 1069 2585 exigere
1100 2498 1143 2565 ab
1165 2499 1292 2576 invitis,
1316 2464 1560 2584 quin-fflffl

359 2598 462 2663 immo
492 2599 740 2665 interdixerunt
763 2601 810 2665 eis
834 2605 939 2665 terras
962 2598 1061 2665 suas²
1082 2601 1146 2665 sub
1168 2622 1270 2687 poena
1292 2597 1530 2711 cepitisforcadh

361 2704 396 2765 et
417 2699 659 2780 membrorum;
681 2706 716 2767 et
737 2701 785 2767 sic
806 2702 1005 2767 resistebant
1027 2703 1097 2787 regi
1121 2708 1155 2767 et
1179 2704 1255 2767 suis.
1425 2672 1574 2781 {232⁸oe

404 2798 545 2867 ³Comes
568 2802 734 2867 Flandn'ae
762 2824 880 2889 passus
913 2803 1070 2889 injuriam
1102 2826 1124 2867 a
1156 2825 1232 2891 rege
1267 2804 1414 2871 Francia

360 2903 494 2969 domino
526 2924 587 2969 suo
620 2904 756 2969 recessit
787 2905 832 2970 ab
863 2904 1102 2970 amicabilitate
1136 2906 1207 2990 ejus
1239 2926 1315 2971 cum
1342 2906 1356 2991 j

360 3006 484 3070 multas
518 3004 728 3072 exhausisset
767 3007 924 3092 pecunias
968 3028 1029 3093 pro
1069 3028 1108 3072 eo
1151 3013 1267 3073 contra
1303 3029 1414 3094 regem
1428 3016 1575 3077 Quarraof

360 3108 502 3194 Angliae,
536 3108 624 3174 sicut
655 3107 746 3173 infra
777 3108 925 3194 patebit;
949 3108 1130 3193 vidensque
1162 3130 1196 3174 se
1230 3110 1267 3173 in
1289 3130 1414 3175 vanum
1426 3081 1574 3198 {lffifff

360 3212 526 3283 laborasse
549 3212 608 3297 qui
631 3212 738 3277 multa
759 3217 934 3287 meruerat,
951 3234 971 3275 a
992 3211 1057 3276 fide
1080 3211 1167 3297 regis
1189 3211 1241 3277 sui
1257 3212 1413 3279 desilivit.
1426 3212 1542 3291 athene

362 3313 407 3377 Et
428 3318 469 3377 ut
491 3313 561 3399 regi
583 3288 716 3399 bngliae
749 3313 913 3399 acceptior
946 3312 1050 3391 fieret,
1083 3334 1196 3379 omnes
1228 3314 1372 3379 Francos
1393 3280 1534 3397 affigi,

361 3420 451 3481 terra
472 3436 532 3479 sua
554 3415 748 3480 eliminavit
793 3414 882 3480 Nam
905 3414 1129 3481 consideravit
1160 3422 1284 3481 terram
1318 3437 1413 3481 suam

361 3518 456 3603 quasi
479 3516 685 3581 exinanitam
708 3537 747 3581 eo
780 3516 869 3602 quod
903 3517 993 3583 cives
1015 3518 1067 3581 sui
1090 3516 1185 3581 lanas
1209 3517 1413 3603 Anglieanas
1427 3524 1481 3574 vhe

360 3623 397 3684 et
418 3619 507 3683 coria
529 3638 597 3683 non
619 3616 780 3683 haberent
802 3624 842 3681 ut
864 3617 963 3684 solito
995 3619 1169 3684 mercando
1192 3620 1313 3685 habere
1335 3640 1411 3687 con·
1427 3590 1551 3707 ffjffid

362 3722 540 3783 sueverant
562 3718 605 3782 ad
628 3717 831 3802 operandum
854 3740 928 3784 eum
965 3720 1034 3783 sint
1057 3718 1103 3783 ibi
1133 3719 1232 3784 multi
1255 3720 1575 3807 operarii;fromFla¹1·

362 3821 541 3907 piscatores
578 3820 680 3885 etiam
717 3824 815 3885 terrae
852 3841 922 3885 suae
960 3820 1210 3906 depauperatos,
1249 3843 1287 3887 eo
1326 3790 1493 3908 quoddm'

363 3922 507 3987 liberum
530 3920 573 3986 ad
595 3942 686 3986 mare
717 3942 785 3985 non
819 3920 981 3986 haberent
1004 3942 1178 3987 accessum.
1226 3922 1416 4009 Vidensque

363 4023 509 4089 finaliter
531 4044 565 4088 se
590 4022 728 4087 ulterius
760 4042 829 4087 non
863 4044 960 4109 posse
995 4022 1066 4109 regi
1099 4023 1232 4111 Angliee
1254 4026 1416 4104 resistere,

363 4124 457 4190 misit
478 4124 521 4189 ad
544 4145 620 4189 eum
642 4123 781 4189 nuncios
803 4128 920 4209 petens
953 4130 988 4189 et
1020 4116 1143 4211 rogans
1166 4145 1206 4189 ea
1228 4146 1304 4210 quae
1326 4126 1417 4211 pacis

364 4231 445 4292 sunt
474 4230 509 4291 et
531 4226 663 4291 amoris.
710 4224 906 4311 Placuitque
941 4225 1010 4311 regi
1035 4225 1202 4291 Edwardo
1224 4232 1359 4312 rogatus
1383 4232 1418 4293 et
1431 4221 1510 4272 Pence

365 4330 402 4394 in
424 4327 618 4414 expulsione
633 4328 834 4392 Francorum
850 4350 870 4391 a
885 4332 975 4393 terra
991 4348 1051 4393 sua
1065 4350 1141 4393 eum
1157 4329 1418 4395 commendando
1430 4288 1568 4405 xiiii}

1092 4468 1094 4471 .
1431 4418 1537 4486 English

398 4554 577 4617 maumam,
588 4552 668 4605 MSS.
916 4551 1053 4602 Flandn'oe
1082 4550 1251 4603 concordatus
1279 4568 1334 4603 cem
1361 4570 1420 4621 repe

397 4633 409 4666 ²
424 4631 498 4700 mor]
519 4632 586 4683 from
598 4633 649 4692 A.;
665 4647 722 4692 uc,
733 4632 789 4682 MS.
916 4630 1029 4697 Δημέα.

398 4713 410 4747 ⁸
427 4712 496 4762 Hera
506 4725 541 4761 on
551 4710 616 4761 both
626 4708 767 4777 margionis
778 4708 866 4760 Genea
