3625 5784
448 885 514 951 338
793 896 942 947 usurum
965 896 1149 947 nuronrou

449 1086 582 1165 tempus
619 1082 785 1147 modicum
817 1102 892 1148 cum
926 1080 1025 1169 plena
1059 1102 1138 1173 pace
1174 1081 1430 1147 restituerentur
1462 1079 1505 1145 ad

451 1188 577 1249 votum.
623 1182 821 1247 Edmundus
858 1204 938 1247 varo
984 1182 1178 1269 simpliciter
1217 1183 1351 1247 credens
1389 1187 1424 1247 et
1468 1181 1504 1244 in

281 1300 401 1377 Theseu
452 1290 584 1350 tantum
623 1286 715 1370 regia
752 1285 966 1371 promissione
1011 1284 1148 1351 allectus
1185 1284 1396 1351 securitatem
1438 1304 1505 1347 non

281 1367 418 1483 {122⁰}
452 1386 560 1472 petiit,
593 1386 734 1451 firmiter
764 1386 900 1451 credens
936 1386 1185 1472 promissionem
1219 1385 1344 1472 regiam
1376 1404 1506 1449 omnem

282 1487 573 1562 nosoeuritydebere
595 1488 752 1553 excedere
775 1490 976 1553 cautionem.
1005 1486 1210 1573 ,Statimque
1245 1486 1377 1571 scripsit
1399 1505 1507 1550 senes·

281 1565 431 1681 2ζὲζῇοῃ
454 1589 561 1656 challo
591 1590 773 1665 Vaseoniae,
808 1589 897 1675 quod
930 1589 1110 1655 earundem
1144 1590 1319 1655 civitatum
1353 1586 1506 1651 saisinam

282 1698 311 1746 of
321 1697 387 1749 Ges
454 1690 616 1755 ministris
654 1691 742 1776 regis
779 1689 927 1756 Franciae
973 1689 1137 1756 liberaret
1189 1690 1286 1777 Quod
1330 1710 1406 1755 cum
1451 1688 1507 1752 ille

284 1778 358 1829 ⁰025·
455 1792 595 1869 lecisset,
630 1813 709 1857 mox
743 1792 808 1877 ipsi
843 1791 964 1858 Franci
996 1792 1103 1878 primo
1138 1814 1258 1877 paucos
1291 1797 1325 1857 et
1356 1792 1505 1863 latenter.

453 1898 568 1979 postea
598 1893 759 1978 plurimos
790 1898 825 1958 et
859 1899 1022 1978 patenter,
1055 1899 1090 1959 et
1123 1894 1256 1959 demum
1290 1892 1505 1979 pergrandem

453 1995 659 2060 induxerunt
681 1996 873 2061 exercitum.
930 1996 1261 2061 Edmundusautem
1285 1995 1347 2061 hoc
1369 1994 1505 2059 audiens

453 2102 488 2161 et
509 2096 706 2161 seditionem
740 2096 873 2175 timens,
894 2098 1029 2183 rogavit
1062 2118 1172 2183 regem
1196 2096 1347 2163 Franciae
1369 2100 1409 2159 ut
1431 2115 1504 2180 pro·

376 2268 386 2291 '
452 2197 618 2263 missionis
639 2220 709 2263 suae
732 2219 858 2263 memor
881 2198 964 2265 talia
999 2198 1071 2264 fieri
1106 2198 1303 2284 prohiberet.
1350 2196 1413 2263 Cui
1436 2218 1503 2273 rex,
1518 2202 1601 2266 Tur*
1615 2204 1666 2253 ⁰0¹·

281 2310 402 2386 nocom-
453 2306 471 2334 “
481 2298 643 2377 Sustine,'’
659 2298 778 2384 inquit,
795 2308 812 2333 ‘¹
825 2299 994 2385 paulisper
1009 2320 1181 2386 quousque
1198 2299 1444 2386 adimpleantur
1459 2297 1502 2361 xl.
1518 2272 1591 2318 ²⁴⁹⁷·

282 2376 401 2506 ffiffi}
453 2409 473 2436 ‘¹
485 2401 566 2478 dias,
581 2406 617 2466 at
638 2402 751 2466 omnia
772 2400 974 2467 restituam?
1021 2402 1150 2482 Quibus
1167 2402 1295 2487 elapsis,
1311 2400 1391 2465 dum
1407 2420 1505 2485 super

282 2509 428 2559 orsnnce.
451 2503 566 2568 eodem
601 2503 734 2589 negotio
771 2508 945 2588 rogaretur
977 2524 1038 2589 per
1068 2503 1291 2581 Edmundunr,
1333 2502 1516 2568 confestim·

450 2604 631 2690 respondit,
656 2604 898 2669 ordinationem
922 2605 1021 2671 curiae
1045 2626 1114 2671 suae
1137 2609 1172 2671 et
1190 2604 1341 2690 judicata
1363 2626 1422 2689 per
1447 2602 1504 2687 xij.

450 2728 545 2793 pares
579 2706 703 2791 absque
734 2727 846 2771 eorum
888 2706 1025 2773 consilio
1056 2729 1089 2771 se
1121 2728 1272 2773 revocare
1303 2728 1372 2773 non
1401 2726 1503 2793 posse,

450 2814 647 2893 mutatoque
669 2808 768 2871 vultu
792 2809 888 2893 quasi
921 2808 1132 2895 dedignando
1154 2810 1293 2875 recessit.
1341 2808 1504 2873 Dominus

451 2911 648 2975 Edmundus
696 2931 771 2976 cum
819 2911 856 2975 in
904 2911 1019 2976 eadem
1065 2912 1156 2977 curia
1201 2912 1324 2976 multos
1370 2910 1506 2976 haberet

450 3013 582 3089 amicos,
608 3033 646 3077 eo
680 3012 770 3097 quod
801 3013 949 3097 reginam
991 3012 1170 3078 Navemiae
1195 3012 1362 3078 matrem¹
1393 3012 1506 3077 uxoris

283 3122 323 3172 110
332 3130 433 3173 returns
450 3116 539 3201 regis
562 3114 711 3180 Franciae
734 3115 877 3181 duxerat
900 3116 937 3179 in
960 3138 1107 3193 uxorem,
1131 3115 1257 3183 occulte
1287 3116 1505 3202 praemunitus

280 3190 486 3305 qqphnglmuet
519 3240 562 3281 ex
593 3215 791 3301 conjecturis
823 3216 924 3282 certis
955 3218 1151 3283 seditionem
1194 3218 1324 3293 timens,
1358 3240 1379 3282 a
1411 3218 1504 3282 curia

282 3321 394 3372 brother.
451 3317 510 3383 illa
532 3318 676 3383 latenter
709 3323 744 3382 et
776 3339 851 3383 cum
873 3318 1089 3384 festinatione
1125 3340 1159 3383 se
1183 3316 1379 3395 transtulit,2
1400 3322 1432 3383 et
1467 3318 1504 3381 in

451 3418 608 3505 Angliam
631 3418 674 3483 ad
697 3418 837 3483 fratrem
867 3441 966 3484 suum
999 3442 1108 3506 regem
1144 3420 1281 3485 veniens
1312 3420 1424 3484 omnia
1446 3440 1503 3504 per

445 3521 600 3586 ordinem
623 3542 691 3585 non
714 3520 786 3585 sine
808 3521 906 3607 gravi
929 3522 1036 3587 cordis
1060 3521 1170 3587 dolore
1187 3521 1350 3597 recitauit,
1366 3520 1503 3585 dicendo

450 3644 486 3687 se
508 3643 578 3687 esse
601 3622 638 3685 in
653 3622 715 3688 hoc
729 3622 819 3687 facto
834 3622 977 3688 stultum
995 3626 1031 3688 et
1054 3624 1150 3709 quasi
1169 3624 1273 3708 ipsius
1290 3623 1501 3689 seductorem.

450 3721 524 3787 Rex
546 3728 659 3787 autem
681 3723 760 3788 licet
782 3724 892 3788 animo
916 3730 1146 3789 consternatus
1169 3723 1211 3788 ab
1233 3724 1367 3799 auditis,
1390 3728 1502 3789 tamen

449 3824 587 3889 fratrem
610 3824 732 3889 blande
747 3824 967 3905 confortavit3
989 3846 1133 3911 moxque
1149 3826 1277 3891 vocatis
1292 3826 1502 3911 magnatibus

449 3926 517 3990 suis
566 3947 640 3991 cum
685 3925 837 3991 Johanne
877 3948 954 4013 rege
993 3926 1166 3993 Scotorum
1212 3926 1348 3995 tenuit³
1380 3926 1501 4013 parlia-

281 4037 413 4099 Kinrno-
449 4031 599 4092 mentum
637 4048 735 4091 suum
766 4026 955 4091 Londonius.
1020 4026 1065 4092 Et
1103 4029 1139 4091 in
1177 4048 1290 4093 eorum
1327 4028 1502 4113 praesentia

279 4106 418 4156 musam
448 4133 521 4193 toto
566 4149 720 4213 processu
769 4128 907 4193 recitato
945 4128 1119 4194 consilium
1165 4148 1278 4193 eorum
1323 4128 1423 4213 petiit
1467 4134 1503 4192 et

278 4186 436 4301 &libbeus
444 4230 628 4317 juvamen.⁴
672 4231 847 4295 Attestans
862 4250 897 4294 se
918 4229 1019 4295 ctiam
1042 4230 1070 4293 si
1094 4230 1251 4315 majorem
1274 4251 1342 4295 non
1365 4230 1501 4295 haberet

479 4530 583 4582 ¹Aror
593 4535 696 4579 mamm
715 4529 770 4578 us.
788 4525 946 4587 massata
998 4502 1106 4553 ’'12’1‘1121
1116 4520 1196 4554 coms
1215 4503 1371 4569 leicestrie
1390 4506 1500 4559 tuoto·
1563 4496 1567 4505 '

444 4612 492 4661 h„
503 4612 568 4660 been
580 4610 675 4667 ew,
687 4624 719 4657 ρ,
730 4607 882 4672 conjecturs,
893 4622 947 4655 w,
990 4580 1066 4645 sapit
1078 4598 1095 4631 a
1107 4583 1181 4632 curia
1192 4583 1260 4648 repis
1273 4582 1398 4635 Francia.

444 4691 478 4740 tie
490 4689 556 4739 from
567 4688 656 4737 below.
1029 4658 1238 4725 '‘ml''ffloesd·

1029 4736 1185 4803 ⁴Probably
1201 4741 1324 4804 juvamen
1347 4742 1369 4792 is
1392 4744 1457 4794 what
1479 4744 1500 4795 is

477 4790 575 4845 ²11&
586 4805 620 4840 ⁰¹¹
640 4790 704 4841 b⁰²h
723 4789 835 4857 mutim
854 4788 946 4840 5⁸Ed'
995 4825 1090 4868 meant.
1126 4818 1151 4868 lt
1163 4820 1237 4870 looks
1250 4820 1301 4871 like
1312 4821 1397 4873 ianae.
