3625 5784
601 914 872 968 urrunsrnsusrs
895 916 1104 968 cnrourcos.
1304 905 1368 969 433

316 1099 474 1168 fratribus
497 1102 624 1169 habens
639 1125 749 1171 secum
772 1105 808 1169 in
831 1105 958 1171 familia
974 1062 1024 1171 50⁶.
1042 1110 1076 1171 et
1099 1106 1209 1191 plures
1231 1105 1267 1169 in
1289 1126 1370 1191 quu-

201 1206 207 1218 '
316 1202 392 1267 dam
409 1205 496 1270 valle
507 1204 610 1290 juxta
624 1207 782 1294 Reresby.
830 1208 895 1273 Hic
910 1230 1084 1295 oppressor
1104 1208 1217 1273 lueret
1238 1209 1368 1295 religio·

316 1313 485 1372 sorumet
506 1308 646 1373 aliorum
669 1310 863 1376 vicinorum·
882 1332 941 1396 pro
972 1310 1127 1396 cupidine
1159 1309 1369 1375 ecclesiarum

145 1430 293 1546 {lym
316 1412 351 1472 et
373 1408 513 1474 aliarum
537 1412 778 1496 possessionum
801 1434 883 1497 quas
916 1412 1065 1499 cupierat
1088 1413 1131 1476 ad
1163 1412 1368 1477 dotationem

197 1504 220 1549 5.

315 1512 472 1575 canturire
509 1534 585 1578 suae.
642 1514 765 1579 Eodem
796 1536 884 1578 anno
923 1514 1049 1580 scilicet
1084 1530 1276 1579 mcccxxvl.
1313 1514 1367 1578 die
1382 1524 1451 1575 nn.
1466 1529 1538 1577 laus.

313 1613 421 1678 sancti
444 1613 607 1680 Bernabae
632 1616 788 1681 videlicet
818 1618 859 1681 iv.
884 1615 959 1681 idus
981 1616 1076 1681 Junii
1100 1614 1293 1682 combustal
1316 1620 1367 1681 est
1381 1617 1536 1683 nurningoc

314 1713 474 1779 abbathia
495 1716 537 1781 de
562 1716 713 1782 Croxton
744 1718 895 1803 sequenti
928 1719 1033 1783 modo
1081 1718 1224 1797 Quidam
1258 1718 1365 1803 plum.
1377 1684 1495 1815 &33⁰⁰

314 1815 426 1880 basius
448 1817 570 1883 detulit
593 1819 701 1906 ignem
726 1819 762 1883 in
777 1840 855 1884 vase
878 1840 978 1905 super
996 1820 1165 1884 ecclesiam
1187 1842 1248 1905 pro
1271 1841 1365 1906 repa·
1379 1817 1488 1883 through
1495 1833 1513 1907 ,ἃ

314 1920 441 1984 ratione
475 1920 663 1986 defectuum
697 1921 845 2005 ejusdem
879 1922 1032 1998 ecclesius,
1066 1927 1100 1985 et
1133 1942 1211 1986 cusu
1245 1882 1517 2001 acciditepiieuileflii⁸

314 2022 517 2109 negligentia
557 2024 737 2088 comitante
777 2024 866 2109 quod
913 2022 989 2111 igne
1032 2024 1200 2109 paulisper
1241 2022 1364 2089 ibidem
1377 2032 1443 2068 Μ·

314 2123 449 2189 dimisso
479 2129 514 2189 et
548 2147 627 2190 nure
657 2125 761 2189 fiante
792 2123 932 2213 attigit²
954 2125 1120 2210 quandem
1153 2126 1309 2191 celluram
1332 2130 1367 2190 et

315 2226 462 2291 excrevit
485 2225 521 2289 in
544 2226 710 2292 flammam
734 2233 769 2291 et
791 2226 973 2292 combussit
988 2227 1157 2293 ecclesiam
1180 2249 1256 2294 cum
1278 2228 1367 2293 cleu-

314 2334 385 2392 stro
407 2332 442 2392 et
464 2328 617 2393 omnibus
632 2327 785 2393 domibus
807 2328 956 2404 annexis
971 2350 1031 2395 nec
1046 2334 1119 2393 erat
1141 2330 1199 2415 qui
1222 2330 1258 2393 in
1273 2334 1370 2395 tante

315 2431 510 2495 necessitate
533 2452 722 2495 succurrere
755 2435 874 2515 posset
933 2430 978 2494 Et
1011 2452 1097 2494 unus
1130 2431 1172 2496 de
1206 2431 1370 2497 canonicis
1486 2502 1491 2513 ¹

316 2530 461 2614 ejusdem
486 2532 602 2597 domus
633 2532 824 2599 combustus
859 2531 925 2597 fuit
960 2532 995 2595 in
1030 2531 1223 2597 dormitorio
1255 2531 1368 2597 eudem

317 2635 406 2700 hors

172 2748 179 2760 ”
264 2748 270 2761 “
364 2746 429 2801 Hoc
451 2763 532 2801 auno
562 2745 665 2817 regina
686 2745 805 2817 Anglias
835 2763 902 2801 cum
934 2742 1130 2817 primogenito
1153 2761 1205 2801 suo
1228 2744 1371 2802 Eduardo

320 2852 354 2891 ac
377 2835 493 2905 Rogsro
516 2835 552 2890 de
575 2834 693 2891 Mortuo
724 2836 800 2890 mari
831 2851 926 2906 nuper
957 2834 1055 2907 elapso
1088 2852 1202 2890 necnon
1236 2840 1267 2891 ct
1305 2853 1371 2891 cnm

320 2941 410 2996 parva
431 2942 520 2979 manu
543 2923 748 2980 Hunaldorum
773 2924 851 2979 circa
872 2925 980 2979 festum
1003 2925 1098 2978 suncti
1121 2924 1272 2980 Michaelis
1294 2924 1372 2996 opud

321 3014 411 3069 Essex
446 3016 479 3069 in
501 3013 642 3085 Angliam
665 3013 815 3085 applicuit,
839 3002 893 3067 et³
917 3030 1018 3069 versus
1041 3012 1206 3068 Londoniss
1239 3013 1291 3070 ubi
1321 3031 1372 3070 rex

321 3108 393 3157 tunc
414 3108 488 3170 erat,
511 3102 644 3159 tetendit.
691 3103 730 3158 Et
753 3102 831 3175 quod
852 3102 1019 3157 mirandum
1051 3102 1117 3166 fuit,
1141 3107 1220 3181 terra
1242 3101 1373 3175 undique

321 3192 482 3264 tranquilla
514 3193 579 3249 sine
612 3191 756 3263 sanguine
794 3197 825 3248 et
862 3190 989 3263 strepitu
1027 3208 1128 3262 regem
1162 3210 1179 3247 a
1213 3192 1373 3248 Londoniis

321 3286 435 3337 maturo
450 3282 626 3353 fugitantem
641 3298 734 3353 usque
749 3282 781 3335 in
797 3270 974 3336 Westwule⁴
989 3280 1168 3353 peditentsm
1184 3272 1372 3354 insequitur.⁵

321 3370 445 3426 Interim
475 3371 509 3426 in
531 3374 658 3427 crastino
681 3370 776 3426 sancti
799 3369 907 3426 calixti
939 3369 1098 3425 decollatus
1129 3375 1175 3426 est
1196 3360 1373 3443 episeopus⁰

323 3458 443 3515 Oxonias
473 3461 673 3517 thesaurarius
695 3459 775 3531 regis
797 3460 834 3515 dc
856 3460 978 3515 consilio
1001 3458 1111 3514 civium
1135 3458 1372 3517 Londonensium

322 3554 405 3604 extra
427 3550 537 3607 borisle
560 3538 691 3605 ostium⁷
721 3547 850 3605 ecclesias
884 3548 914 3605 S.
937 3548 1032 3604 Pauli.
1088 3549 1127 3604 Et
1160 3548 1208 3606 dis
1240 3550 1374 3623 sequenti

322 3644 410 3711 capta
432 3644 477 3694 est
499 3640 590 3695 turris
612 3638 824 3694 londoniensis
854 3656 907 3710 per
937 3636 1015 3694 cives
1046 3636 1084 3693 sd
1114 3655 1187 3710 opus
1209 3638 1321 3711 regina
1343 3646 1374 3696 ct

323 3726 379 3783 filii
411 3730 466 3785 sni.
511 3728 551 3783 Et
585 3727 645 3784 cito
675 3732 742 3801 post
772 3728 805 3783 in
836 3726 940 3799 vigilia
962 3727 1159 3799 apostolorum
1192 3729 1321 3786 Simonis
1343 3735 1374 3786 et

324 3815 411 3874 Judae
438 3822 555 3890 captum
587 3822 632 3873 est
665 3822 792 3873 castrum
824 3816 981 3872 Bristolliae
1005 3834 1056 3888 por
1079 3818 1211 3889 reginam
1234 3823 1264 3874 et
1286 3836 1372 3885 su0s;

308 3894 374 3961 ⁴ubi
398 3907 489 3978 Hugo
510 3906 702 3979 Dispensator
728 3906 825 3962 senior
857 3906 1014 3962 distractus
1037 3911 1068 3961 et
1089 3923 1245 3979 suspensus
1266 3912 1321 3975 est,
1344 3914 1375 3963 et
1463 3926 1467 3933 ·

324 3999 413 4068 ceput
435 3994 499 4066 ejus
521 3995 713 4069 Wyntoniam
744 3996 947 4051 transmissum
965 3999 1035 4050 'est
1081 3994 1191 4051 Eodem
1222 4013 1299 4052 anno
1326 3996 1373 4050 die

324 4083 419 4140 sancti
453 4084 590 4156 Hngonis
623 4102 719 4141 comes
750 4084 787 4140 ds
821 4083 971 4140 Arundele
1004 4082 1082 4155 apud
1113 4088 1211 4155 partes
1250 4084 1374 4157 Salapiae

323 4180 425 4246 ceptus
441 4178 496 4242 est,
513 4175 563 4231 sed
578 4174 656 4248 apud
679 4163 830 4230 Herford⁸
853 4172 1020 4229 decollatus.
1066 4172 1178 4227 Eadem
1192 4172 1374 4229 hebdomada

353 4439 362 4473 ¹
379 4441 449 4492 Here
459 4440 548 4491 anthe
564 4438 664 4506 margin
676 4438 706 4489 ol
715 4440 748 4489 Δ.
760 4439 822 4503 only
905 4436 916 4467 ⁴
940 4433 1127 4497 warenniam,
1140 4435 1218 4503 Higd.

318 4520 341 4571 is
355 4518 492 4571 Combusta
508 4525 546 4571 eet
560 4518 683 4571 attollis
694 4518 726 4569 de
739 4518 822 4568 Uror·
904 4514 916 4547 ⁸
933 4514 1108 4579 insequuntur,
1120 4512 1196 4582 ffigu.

318 4604 371 4649 toa.
904 4592 1002 4645 ⁶flere
1023 4606 1058 4643 ou
1075 4594 1177 4660 murgln
1196 4593 1269 4646 olA.
1281 4596 1374 4660 onlyis

351 4679 473 4745 ἀκμὴ,
513 4680 568 4740 Α,;
621 4677 724 4740 accidis,
758 4677 822 4736 MS„
871 4672 1018 4738 Episcopus
1033 4671 1142 4723 Oxonioe
1153 4671 1299 4727 decollatus.

318 4761 440 4824 wrongly.
903 4750 915 4787 ⁷
931 4750 1043 4813 testium,
1054 4752 1113 4805 MS.

351 4835 415 4902 ὀί]
429 4850 480 4887 om
491 4835 570 4902 sigo.
905 4830 1164 4900 'Heresordffligd

406 4966 423 5002 ο
457 4952 549 5003 51971.
1173 4944 1196 4992 Ε
1219 4948 1242 4995 Ε
