3625 5784
429 887 471 952 58
767 897 914 949 nrnnrcr
936 895 1120 948 uurosmu

257 1097 401 1151 Helenen
427 1081 546 1148 lelmus
569 1080 757 1148 Londonies
780 1087 816 1146 et
837 1081 928 1148 cives
949 1101 1025 1148 cnm
1047 1102 1183 1149 assensn
1207 1081 1369 1149 baronum
1399 1103 1484 1150 reee.

257 1165 408 1284 mmm
428 1192 551 1274 perunt
584 1208 660 1253 eum
693 1185 870 1252 reddentes
900 1185 1080 1254 civitatem.
1125 1185 1255 1252 Deinde
1277 1186 1428 1253 Eboruoo
1450 1190 1485 1252 et

258 1299 393 1351 Yorkand
427 1289 555 1355 caeteris
587 1288 782 1355 civitatibus
805 1309 880 1354 cum
904 1287 1090 1354 confinibus
1111 1288 1246 1374 pacifice
1269 1287 1315 1354 sic
1338 1287 1484 1354 subactis

258 1367 342 1496 {iffi
426 1413 515 1458 enno
537 1392 656 1480 grstiae
678 1390 852 1457 millesimo
876 1408 969 1456 van

259 1499 360 1550 *ubmit
472 1503 540 1560 Jem
571 1503 684 1560 accedit
716 1501 872 1560 cistrensis
903 1503 954 1558 lib.
985 1503 1011 1560 7.
1044 1503 1087 1559 sie
1118 1501 1269 1576 incipiens
1315 1501 1481 1559 Willelmns
1494 1502 1629 1566 Hiatvii.

427 1593 520 1664 igitur
551 1593 719 1650 Londonius
753 1594 874 1648 veniens
907 1598 1092 1649 consecratus
1125 1598 1171 1649 est
1205 1592 1237 1648 in
1270 1610 1371 1664 regem
1401 1575 1551 1665 epndm·

427 1682 722 1740 westmonasterium
753 1681 790 1738 eb
811 1680 943 1739 Aldredo
966 1683 1142 1739 Eborecensi
1165 1681 1312 1756 episeopo,
1335 1682 1481 1739 declineto

428 1771 572 1844 Stigendo
596 1771 810 1838 Gentueriensi‚
834 1772 882 1828 die
913 1772 1020 1828 nutelis
1042 1771 1155 1829 domini
1178 1791 1244 1845 qnos
1267 1778 1339 1828 tunc
1360 1771 1434 1829 ferie
1454 1773 1480 1829 2.

428 1861 545 1918 eccidit.

260 1968 372 2022 william
474 1955 519 2022 Et
556 1955 603 2021 sic
640 1955 719 2042 quie
757 1953 970 2020 Normnnnus
1003 1955 1080 2042 jure
1123 1955 1333 2022 haereditsrio
1370 1955 1481 2022 tenuit
1492 1966 1603 2027 Ister*

258 2039 399 2181 fflffffiy
428 2056 644 2124 Normennise
667 2057 835 2137 ducatum,
866 2057 942 2122 ideo
974 2056 1056 2134 dux,
1078 2079 1218 2145 regnum
1248 2079 1327 2124 vem
1349 2031 1596 2145 Angliaemffl

260 2170 353 2222 insen·
428 2181 470 2226 ex
504 2180 595 2226 mero
618 2163 800 2245 conquestu
825 2159 924 2225 etde
952 2159 1071 2226 clsmio
1101 2159 1295 2247 subscripto,
1318 2159 1392 2227 ideo
1414 2182 1482 2226 rex.

259 2237 481 2368 t12⁸‡,¹(⁰1²1'‚}¹¹⁸'Ob
504 2283 604 2349 quom
627 2281 759 2328 causam
787 2283 987 2328 successores
1009 2261 1062 2327 sui
1094 2267 1293 2348 occeperunt
1323 2265 1364 2328 de
1396 2263 1484 2330 Nor·

259 2377 388 2435 conquest
428 2361 564 2429 morinis
595 2384 752 2450 megnum
777 2384 927 2428 annuum
961 2363 1126 2429 tributum
1153 2385 1258 2452 usque
1280 2366 1324 2430 ed
1353 2371 1485 2452 tempus

259 2460 348 2577 {³35¹
428 2465 592 2532 Johunnis
630 2465 716 2552 rcgts
754 2465 812 2552 qui
846 2464 958 2553 gladio
989 2466 1102 2532 emisit
1134 2465 1194 2551 jus
1226 2487 1324 2532 suum
1355 2467 1391 2532 in
1423 2468 1485 2534 hec

259 2543 415 2645 tdnidhd'n
428 2573 523 2656 perte
546 2574 587 2632 ut
609 2567 696 2634 infre
717 2568 847 2655 patebit
870 2569 905 2632 in
927 2566 998 2634 loco
1020 2590 1088 2634 suo.

259 2660 416 2711 murrinum
473 2671 542 2736 Iste
566 2669 665 2735 duxit
687 2691 797 2736 secum
813 2670 850 2734 in
865 2669 1022 2756 Anglium
1039 2674 1170 2736 mntem
1192 2671 1320 2758 copiam
1342 2676 1378 2737 et
1401 2672 1485 2737 mul-

161 2775 165 2784 ,
215 2741 218 2748 ’
259 2729 324 2778 suom
337 2729 401 2778 Nor·

260 2796 362 2858 money.
428 2771 607 2839 titudinem
641 2771 810 2836 verierum
848 2773 1008 2860 gentium,
1042 2771 1169 2840 scilicet
1207 2773 1485 2852 Normennorum,

260 2885 350 2936 (nete
428 2873 651 2952 Pieardorum,
673 2873 859 2952 Britonum,
884 2873 1118 2962 Burgillorum,
1141 2875 1183 2940 de
1213 2875 1337 2962 quibus
1363 2898 1485 2963 megnu

259 2954 399 3070 fflssme
428 2997 505 3066 pers
527 2976 685 3043 remansit
708 2977 744 3042 in
771 2975 896 3064 Anglie
918 2977 1060 3043 ubilibet
1082 2977 1236 3065 disperse,
1252 2978 1387 3064 quidem
1409 2999 1483 3066 pos·

260 3084 391 3162 overrun
428 3079 587 3146 sessiones
625 3079 782 3145 hebentes
820 3078 862 3144 de
901 3079 992 3146 dieto
1030 3077 1198 3146 Willelmo
1235 3101 1294 3145 seu
1329 3081 1372 3146 ab
1409 3080 1484 3146 eliis

259 3152 382 3202 ΝΜ·
429 3179 571 3246 dominis
594 3179 657 3244 sibi
683 3179 789 3255 detes,
806 3178 943 3264 quidem
966 3201 1044 3245 vero
1067 3181 1292 3267 exemptione
1315 3181 1484 3260 hebentes,

259 3291 357 3346 Conse·
429 3282 500 3347 sive
534 3281 571 3345 in
601 3279 715 3346 officiis
746 3281 808 3346 sub
831 3302 889 3367 spe
912 3281 1059 3347 habendi
1093 3287 1332 3349 remanserunt
1379 3283 1423 3349 Et
1446 3305 1485 3349 ee

224 3398 228 3408 ·
260 3371 389 3476 ξξῑξζξζζ
430 3383 471 3450 de
498 3403 596 3449 ceuse
629 3404 697 3447 non
731 3382 871 3449 miretur
902 3383 985 3468 quis,
1009 3383 1038 3448 si
1062 3383 1206 3450 verietes
1228 3384 1401 3468 nationum
1424 3386 1484 3452 tri-

261 3487 412 3569 minasset
429 3488 512 3553 buet
548 3486 744 3552 varietatem
783 3485 1020 3562 conditionum,
1051 3492 1086 3553 et
1118 3488 1197 3553 inde
1227 3495 1351 3554 crescet
1381 3489 1486 3553 nimiu

261 3556 394 3678 gausum-
430 3586 617 3653 diffidentie
638 3586 801 3652 naturalis
823 3588 954 3667 amoris,
978 3593 1013 3653 et
1042 3587 1202 3675 dispersio
1232 3590 1404 3677 sanguinis
1425 3591 1486 3656 tri·

429 3689 513 3754 boet
550 3689 731 3774 dispersum
769 3688 1000 3755 credulitatem
1041 3694 1168 3756 rnutuse
1205 3691 1414 3758 confidentiae
1450 3697 1486 3758 et

431 3790 626 3858 dilectionis.

261 3906 390 3973 rheking
475 3893 615 3958 Interim
631 3892 766 3978 quidum
790 3891 885 3958 miles
908 3892 950 3958 de
972 3891 1079 3960 Decio
1099 3895 1194 3961 venit
1215 3895 1260 3962 nd
1282 3894 1484 3962 Willelmnm

261 3975 368 4091 ἓξὲξ
429 4014 537 4082 nuper
567 3999 760 4060 coronstum
791 3997 910 4080 petens
940 3992 984 4059 eb
1014 4016 1053 4061 eo
1082 4016 1125 4061 ex
1147 4000 1242 4082 purte
1264 3997 1351 4085 regis
1372 3997 1485 4064 Duciae

262 4106 409 4158 emmeno·
430 4095 620 4184 homagium
651 4117 711 4182 pro
743 4117 842 4182 regno
877 4116 937 4162 suo
959 4096 1091 4185 Angliae
1114 4097 1155 4164 de
1186 4119 1274 4165 novo
1307 4105 1485 4187 conquesto

262 4191 305 4294 ’ζῇ
325 4173 411 4291 ὶὲω
431 4205 467 4268 et
503 4199 688 4282 tributum
726 4199 813 4286 quod
850 4199 879 4264 si
918 4198 1104 4266 Willelmus
1140 4201 1244 4268 nollet
1279 4201 1388 4270 fecere
1424 4226 1486 4271 rex

432 4301 545 4368 Decius
578 4301 708 4367 veniret
745 4321 820 4366 cum
854 4321 916 4366 sue
951 4299 1033 4366 forti
1064 4303 1216 4389 potentie
1247 4303 1284 4368 vi
1316 4309 1352 4370 et
1384 4306 1486 4372 ermis

431 4403 548 4471 tollere
570 4403 634 4468 sibi
658 4422 809 4470 coronam
832 4407 866 4467 et
889 4423 1034 4488 regnum.
1092 4403 1184 4472 Tunc
1217 4427 1276 4471 rex
1301 4405 1486 4474 Willelmus

263 4509 388 4573 umbus,
431 4507 473 4574 de
495 4507 630 4576 consilio
653 4527 823 4593 procerum
851 4527 984 4571 suorum
1017 4505 1110 4572 misit
1139 4514 1282 4593 quotuor
1303 4510 1487 4599 solempnes

264 4583 403 4692 impp,
433 4610 571 4676 nuncios
602 4609 646 4674 ud
676 4630 784 4696 regern
816 4607 938 4684 Decies,
970 4606 1108 4674 mittem
1139 4631 1213 4677 cum
1244 4611 1311 4677 illis
1341 4613 1487 4700 plurimu

432 4714 519 4779 done
540 4718 577 4779 et
606 4713 748 4778 exennia
769 4709 903 4798 regulis,
926 4715 997 4778 tem
1030 4714 1099 4799 regi
1122 4735 1222 4800 quem
1244 4715 1319 4782 eliis
1342 4717 1383 4784 de
1405 4719 1485 4795 suis.

431 4817 474 4882 ed
497 4815 685 4884 faciendum
708 4815 797 4902 pecis
820 4816 985 4884 intereos
1008 4816 1078 4884 dies
1100 4817 1137 4884 in
1160 4823 1341 4907 perpetuos.
