3625 5784
183 1053 265 1121 Higd.
276 1053 319 1105 rii.

183 1125 310 1174 lta-146.

183 2303 272 2368 Taya.
284 2306 332 2355 col.

142 2399 145 2410 ·
184 2375 260 2422 2327.

189 3365 325 3432 ingnio

192 3437 248 3486 tls.

625 851 896 902 nnsossrnsnsrs
919 853 1131 902 cns0n1oon.
1363 841 1403 904 31

397 1049 543 1106 Heuricus
565 1049 707 1105 secundus
730 1050 888 1122 imperator
910 1067 1010 1105 omnes
1039 1048 1215 1120 joculatores
1237 1055 1268 1105 et
1301 1049 1406 1107 mimos

352 1157 371 1195 u
394 1127 477 1195 cu'riu
513 1157 566 1195 sua
600 1137 719 1204 amovit,
743 1145 774 1195 et
805 1157 871 1212 quae
902 1139 947 1195 eis
978 1139 1048 1195 dare
1080 1139 1191 1195 solebat
1228 1139 1406 1212 pauperibus

351 1229 491 1300 erogavit.
537 1228 596 1284 Hic
619 1245 745 1284 sororem
778 1229 889 1285 habens
912 1228 1166 1284 sanctimonialem
1200 1235 1318 1285 tautum
1340 1247 1404 1285 eam

352 1318 455 1374 dilexit
477 1318 554 1390 quod
576 1337 594 1373 a
628 1318 717 1374 latere
752 1335 803 1374 suo
837 1319 887 1373 vix
919 1336 1049 1391 uuquam
1081 1319 1180 1374 abesse
1202 1320 1403 1391 permitteret;

351 1407 429 1464 unde
452 1426 520 1463 cum
542 1407 665 1480 quadam
691 1413 776 1463 nocte
799 1407 922 1464 clericus
945 1407 1065 1480 quidam
1089 1408 1124 1463 de
1158 1407 1240 1463 curia
1263 1426 1315 1463 sua
1338 1427 1404 1465 cum

352 1497 404 1552 illa
435 1515 526 1569 usque
559 1515 645 1552 mune
677 1497 872 1565 dormitasset,
896 1499 927 1552 eb
964 1497 1016 1552 nix
1054 1502 1162 1553 terram
1199 1497 1404 1569 cooperuisset,

353 1586 458 1642 librato
481 1586 602 1642 oonsilio
625 1586 746 1643 clericus
780 1587 849 1642 fecit
880 1604 945 1641 eam
979 1603 1009 1642 se
1040 1592 1156 1658 portare
1179 1587 1211 1640 in
1245 1586 1330 1642 dorso
1352 1605 1405 1642 suo

352 1681 435 1732 extra
456 1675 574 1731 curiam.
623 1675 706 1746 Quod
728 1694 779 1731 rex
803 1667 895 1731 dum¹
927 1675 1073 1730 minctum
1100 1681 1232 1746 surgeret
1262 1695 1279 1730 c
1311 1676 1406 1732 fenes-

354 1769 400 1820 tra
436 1765 643 1836 conspexisset,
676 1764 818 1820 subticuit
852 1764 944 1820 donec
982 1770 1104 1820 vacante
1142 1783 1201 1820 uno
1236 1764 1406 1838 episcopatu

354 1854 459 1910 clerico
485 1853 527 1910 sie
560 1854 678 1920 diceret,
704 1854 847 1926 “Accipe
869 1856 1069 1926 episcopatum
1101 1859 1131 1910 et
1165 1855 1232 1910 vide
1268 1856 1407 1910 neultra

355 1945 374 1970 “
397 1945 510 2016 equites
555 1961 642 2015 supra
687 1944 804 2000 dorsum
850 1944 982 1998 mulieris
994 1945 1023 2009 ;”
1070 1945 1108 1999 Et
1140 1944 1247 1999 iterum
1284 1950 1407 2000 vacante

354 2033 491 2088 abbathia
524 2031 790 2088 sanctimonialium
828 2032 905 2088 dixit
944 2051 996 2088 rex
1030 2033 1121 2088 sorori
1158 2051 1227 2101 snm,
1267 2033 1407 2105 “Accipe

356 2125 374 2148 “
398 2122 566 2178 abbathiam
589 2127 619 2178 et
641 2122 708 2179 vide
730 2141 767 2178 ne
783 2140 912 2194 unquam
927 2127 1025 2195 portes
1040 2123 1179 2178 clericum
1194 2124 1406 2194 equitantem.”

356 2211 437 2267 Idem
477 2211 636 2284 imperator
673 2210 820 2266 Henricns
864 2211 968 2265 habuit
1014 2212 1045 2266 in
1083 2212 1195 2284 capella
1232 2229 1284 2266 sna
1314 2229 1406 2267 uuum

356 2301 492 2357 clericum
512 2301 658 2373 quendum
674 2299 825 2356 literarum
841 2300 958 2372 peritia,
974 2289 1075 2355 νοοὶεε
1096 2301 1245 2371 elegancia
1267 2306 1407 2373 priestan·

356 2395 426 2456 tem,
451 2389 502 2446 sed
525 2379 642 2445 lnbito³
665 2391 760 2445 cernis
796 2389 940 2456 deditum,
964 2407 1051 2461 quem
1076 2389 1145 2445 dum
1180 2390 1337 2461 imperator
1360 2391 1408 2446 die

356 2479 479 2551 quadam
503 2479 617 2535 solenni
645 2477 780 2549 jussisset
817 2479 1005 2550 evangelium
1039 2479 1145 2550 legere,
1168 2480 1267 2535 renuit
1289 2480 1350 2546 ille,
1374 2498 1408 2536 eo

356 2569 433 2640 quod
466 2575 552 2624 nocte
586 2569 767 2641 precedente
805 2586 872 2624 cum
904 2568 1066 2624 concubina
1096 2587 1127 2624 se
1157 2569 1312 2626 foedasset:
1337 2575 1409 2626 tuno

356 2675 407 2713 rex
428 2658 482 2725 ait,
507 2659 526 2684 “
541 2657 619 2728 Lege
642 2663 694 2714 aut
726 2663 835 2714 terram
868 2676 965 2713 meam
1000 2649 1126 2715 desere.'’
1172 2657 1241 2714 Mor
1264 2658 1315 2714 ille
1338 2676 1408 2714 con·

357 2747 447 2818 gestis
470 2747 626 2803 sarcinulis
660 2746 721 2802 suis
754 2747 875 2819 parabat
897 2747 1051 2818 proficisci.
1105 2746 1280 2818 Inp'unxerat
1310 2754 1409 2805 autem

358 2835 515 2909 imperator
535 2835 679 2894 ministris
712 2841 746 2891 ut
780 2836 905 2892 latenter
937 2842 1144 2908 consequentes
1174 2837 1200 2890 si
1232 2836 1294 2907 ipse
1316 2836 1410 2894 abiret

360 2925 455 2997 ipsum
488 2925 667 2982 reducerent.
724 2925 808 2995 Quod
846 2925 917 2980 dum
962 2924 1054 2990 fieret,
1093 2926 1136 2980 ait
1172 2924 1210 2979 ud
1247 2943 1315 2980 eum
1348 2943 1409 2992 rex,

361 3016 380 3040 “
405 3015 598 3086 Ocngratulor
621 3015 762 3088 probitati
785 3020 844 3070 tues
868 3014 946 3086 quod
969 3013 1188 3086 pluripenderus
1211 3013 1259 3069 dci
1274 3013 1410 3070 timorem

361 3105 380 3130 '⁶
405 3121 491 3176 quam
526 3105 651 3177 patriam
686 3109 778 3169 tuam,
802 3109 966 3176 respectum
989 3102 1113 3159 caelestis
1147 3103 1198 3159 irae
1221 3120 1310 3176 quam
1332 3122 1412 3160 meas

361 3195 380 3219 “
405 3193 508 3250 minas.
554 3194 653 3266 Igitur
689 3193 831 3250 renuncia
869 3193 971 3248 insano
1008 3210 1106 3249 amore
1143 3210 1200 3264 quc
1237 3193 1350 3248 laboras
1381 3201 1413 3250 et

361 3284 380 3308 ‘⁶
404 3283 571 3357 episcopum
595 3289 623 3339 te
645 3276 778 3339 iaciam.”

405 3371 503 3446 Hujus
526 3373 650 3429 Henrioi
673 3378 804 3445 tempore
829 3379 945 3428 tuntum
975 3371 1081 3428 scisma
1114 3363 1201 3428 erat⁴
1235 3371 1266 3427 in
1289 3373 1411 3430 ecclesia

361 3462 438 3534 quod
462 3467 521 3518 tres
544 3463 724 3533 eligerentur
748 3463 779 3516 in
812 3480 901 3534 papas
924 3481 994 3517 nam
1017 3461 1136 3533 quidam
1159 3461 1321 3518 Graciunns
1343 3463 1412 3518 datu

360 3569 467 3623 magna
489 3570 605 3608 summa
627 3552 761 3624 pecuniae
794 3557 936 3624 papatum
959 3551 1099 3623 optinuit,
1124 3550 1175 3606 sed
1209 3551 1259 3606 isti
1282 3552 1411 3608 Henrico

361 3640 484 3696 Romam
507 3641 640 3698 venienti
673 3658 725 3712 pro
759 3641 896 3696 scismate
930 3639 1057 3696 sedando
1080 3657 1215 3695 coronam
1245 3659 1362 3697 auream
1384 3642 1413 3697 ei

362 3729 479 3801 optulit.
526 3731 570 3787 De
593 3730 719 3786 simonia
741 3735 841 3787 tumen
863 3747 932 3785 eum
955 3731 1083 3786 convicit
1105 3734 1135 3785 et
1157 3729 1298 3802 deposuit.

395 3969 401 4000 ¹
419 3968 485 4032 dam,
497 3968 564 4018 from
584 3968 619 4020 A.
637 3969 687 4019 aud
699 3968 796 4034 Higd.;
814 3977 860 4021 not
943 3970 955 4003 ³
972 3969 1081 4028 lubrico,
1093 3970 1126 4020 A.
1137 3971 1189 4019 and
1199 3970 1276 4034 Htgd.

360 4049 387 4098 in
400 4049 456 4098 ΜΒ.
944 4047 955 4081 ⁴
972 4055 1038 4111 erat,
1049 4048 1108 4100 ΜΒ.
1119 4063 1169 4099 sec.
1179 4063 1249 4100 man.

392 4126 403 4158 ²
420 4125 452 4176 lu
462 4125 520 4178 MS.
530 4125 604 4176 sotir
614 4125 635 4176 is
653 4124 763 4178 inserted
773 4125 860 4179 before

361 4207 427 4256 voca
438 4206 471 4272 by
483 4221 516 4256 an
528 4219 600 4258 error
610 4205 638 4256 oi
650 4206 693 4257 the
705 4206 794 4258 scribe.

704 4493 1108 4509 m
