3625 5784
615 909 885 960 rmcnsrsnrsn
908 908 1119 961 canonicor.
1334 892 1399 961 377

347 1095 413 1176 Qui
437 1097 583 1161 existens
605 1096 640 1160 in
657 1097 837 1184 praecinctu
860 1097 990 1162 itineris
1012 1103 1052 1162 ut
1075 1098 1202 1163 dictum
1217 1103 1276 1173 est,
1291 1097 1400 1163 noluit

345 1197 508 1284 impediri,
523 1199 581 1262 sed
603 1220 664 1285 pro
687 1197 773 1263 bono
796 1199 886 1284 pacis
909 1199 1079 1285 postulata
1102 1199 1269 1276 concessit,
1293 1198 1400 1264 facto·

345 1320 409 1384 quc
441 1299 483 1364 ad
518 1299 605 1364 diem
635 1306 762 1365 certum
786 1300 975 1385 hujusmodi
998 1322 1161 1386 responso,
1196 1300 1304 1366 adhuc
1335 1301 1400 1365 dis·

345 1400 543 1466 secabantur
576 1401 666 1466 Scoti
698 1402 733 1466 in
768 1402 922 1466 cordibus
944 1402 1021 1479 suis,
1044 1402 1234 1467 differentes
1267 1403 1397 1468 obsides

345 1524 427 1588 quos
458 1503 687 1588 promiserant,
720 1509 754 1568 et
788 1503 995 1589 postulantes
1017 1504 1129 1567 onmia
1151 1523 1212 1568 sua
1245 1509 1280 1568 et
1311 1505 1396 1569 anti·
1409 1519 1569 1572 Thesooteh

344 1625 426 1688 quas
448 1605 702 1669 consuetudines
726 1625 803 1668 suas
826 1605 914 1670 sicut
928 1627 950 1668 a
964 1627 1041 1692 rege
1057 1603 1230 1670 Scotorum
1253 1606 1395 1691 antiqui·
1407 1587 1541 1702 ffiffiffiss

343 1711 398 1770 tus
421 1709 534 1770 tenere
556 1711 804 1771 consueverant.
838 1705 921 1784 Quae
944 1727 1019 1770 cum
1041 1706 1150 1772 adhuc
1170 1714 1280 1773 essent
1301 1709 1395 1792 quasi
1409 1669 1512 1798 ottheii

344 1807 406 1871 sub
428 1813 520 1872 certa
542 1829 599 1893 spe
623 1807 829 1872 concedendo
851 1805 1034 1892 promissa,1
1059 1808 1180 1872 iterum
1206 1813 1242 1874 et
1274 1809 1395 1874 iterum
1409 1801 1540 1850 promises.

343 1908 585 1994 multiplicatur
607 1909 685 1986 dies,
710 1914 744 1973 et
766 1908 935 1973 variantia
965 1914 999 1973 et
1020 1908 1142 1974 frivola
1159 1910 1397 1997 jungebantur,

345 2031 383 2074 eo
407 2010 495 2095 quod
519 2011 605 2074 latro
635 2010 691 2074 ille
714 2009 899 2074 Willelmus
923 2008 1060 2096 Wcleys
1082 2010 1216 2076 interim
1238 2013 1395 2098 populum
1433 2074 1437 2080 .

343 2111 534 2197 adjuvabat.
579 2113 634 2176 Ad
656 2111 811 2177 ultimum
827 2133 907 2176 vero
921 2133 997 2176 cum
1021 2117 1152 2177 tantum
1176 2119 1398 2199 proponerent

342 2233 442 2298 super
473 2235 528 2278 eos
560 2212 724 2277 timebant
746 2211 818 2290 sibi,
841 2217 1014 2300 magnates
1045 2212 1218 2277 Scotorum
1252 2215 1397 2300 imposu-

342 2320 441 2379 erunt
473 2315 603 2400 culpam
638 2313 798 2401 praedicto
830 2314 964 2379 domino
996 2313 1162 2380 Willelmo
1186 2315 1336 2404 Duglas‚²
1362 2322 1397 2382 et
1411 2324 1524 2374 willare

343 2417 494 2503 episcopo
538 2415 741 2503 Glasguensi.
799 2415 865 2496 Qui
911 2422 1024 2480 notam
1062 2417 1210 2482 criminis
1249 2419 1396 2505 impositi
1408 2391 1525 2506 {ff}

342 2541 499 2584 excusare
545 2517 704 2595 volentes,
735 2515 875 2602 sponte³
913 2518 1077 2582 dederunt
1113 2541 1158 2597 se,
1195 2520 1302 2604 primo
1340 2520 1552 2584 inetheirhesi.

343 2619 537 2696 willelmus,
571 2625 605 2684 et
638 2619 837 2705 paulopost
859 2618 930 2703 ipse
952 2618 1105 2683 dominus
1138 2620 1330 2706 episcopus3
1362 2590 1498 2686 ett⁸t¹⁰¹¹‘

341 2723 486 2787 traditus
517 2727 567 2786 est
598 2721 768 2806 episcopus
791 2721 853 2784 sub
876 2721 1027 2785 custodia
1048 2721 1194 2786 custodis
1224 2723 1325 2803 castri
1354 2723 1395 2786 de

342 2822 563 2910 Rokesbnrgh
602 2822 673 2886 vice
711 2820 854 2885 nominis
893 2822 980 2908 regis
1027 2822 1140 2886 nostri.
1196 2823 1272 2908 Ipse
1317 2845 1395 2888 vero

342 2925 527 2990 Willelmus
551 2925 586 2988 in
609 2929 717 2988 castro
741 2923 780 2986 de
796 2923 986 3008 Berewyk⁴
1007 2924 1135 3009 positus
1158 2930 1265 2990 estet
1288 2931 1397 2990 reten-

343 3034 397 3094 tus
430 3028 522 3093 selvo
555 3027 746 3092 custoditus
794 3025 890 3105 Quod
925 3047 1001 3090 cum
1039 3027 1187 3092 audisset
1222 3027 1278 3092 ille
1308 3027 1396 3092 latro

344 3129 529 3194 Willelmus
553 3127 688 3211 Waleys
722 3127 829 3191 iratus
860 3126 972 3189 enimc
1005 3128 1154 3212 perrexit
1186 3128 1229 3192 ad
1260 3129 1394 3192 domum

342 3231 485 3316 episcopi
515 3235 550 3294 et
579 3249 708 3293 omnem
732 3227 804 3312 ejus
827 3227 1073 3312 supellectilem,
1097 3251 1191 3293 erma
1220 3234 1255 3294 et
1285 3251 1394 3316 equos,

343 3332 428 3396 filios
451 3331 551 3397 etiam
575 3329 717 3416 episcopi
740 3333 877 3413 nepotes
901 3329 1034 3394 nomine
1057 3337 1266 3416 nuncupatos
1283 3353 1394 3396 secum
1408 3339 1540 3425 Aprerot

342 3433 491 3510 adduxit,
529 3440 570 3498 ut
607 3436 724 3496 auctus
763 3430 922 3493 immenso
961 3429 1134 3494 Scotorum
1181 3453 1318 3497 numero
1356 3406 1522 3536 eoffissss‘

343 3537 430 3620 quod
477 3533 696 3600 communitas
738 3535 834 3595 terrae
872 3531 1075 3615 sequebatur
1111 3554 1186 3596 eum
1234 3539 1394 3620 tanquam
1406 3540 1480 3588 those
1492 3539 1549 3588 who

343 3637 458 3702 ducem
490 3643 523 3700 et
553 3633 743 3721 principem,
767 3635 840 3695 tota
875 3631 976 3696 etiam
1007 3632 1134 3698 familia
1163 3642 1394 3721 magnatorum
1406 3621 1508 3721 affin

343 3737 556 3802 adhaerebant
578 3736 628 3814 ei3
652 3741 686 3799 et
708 3732 786 3798 licet
809 3731 872 3816 ipsi
895 3738 1067 3820 magnates
1083 3755 1158 3799 cum
1182 3757 1259 3823 rege
1281 3744 1395 3802 nostro

287 3855 291 3862 ·
344 3845 453 3904 essent
486 3860 629 3924 corpore,
663 3857 719 3900 cor
751 3839 864 3898 tamen
896 3855 1010 3898 eorum
1033 3835 1130 3924 longe
1165 3845 1238 3903 erat
1271 3838 1314 3923 ab
1347 3861 1394 3904 eo.

344 3941 459 4006 Nostri
496 3962 575 4005 vero
612 3939 659 4003 sic
697 3935 821 4001 imitati
859 3956 933 4000 cum
972 3936 1098 4002 nollent
1135 3939 1217 4003 talia
1255 3940 1395 4006 ulterius

342 4044 511 4120 sustinere,
534 4043 764 4128 processerunt
786 4037 906 4101 armati
930 4037 972 4101 ed
996 4037 1110 4103 villam
1133 4039 1174 4103 de
1196 4038 1394 4127 Strivelyne
1408 4045 1484 4122 rue·

341 4144 400 4209 ubi
423 4143 620 4209 senescallus
644 4140 763 4206 Scotiae
787 4139 958 4203 venientes
982 4145 1184 4226 rogaverunt
1206 4147 1337 4206 nostros
1356 4150 1396 4208 ut
1407 4109 1519 4225 ffflci
1531 4183 1557 4225 to

343 4245 451 4311 adhuc
481 4246 684 4311 sustinerent
709 4262 769 4326 per
791 4239 956 4303 modicum
980 4245 1120 4325 tempus,
1144 4241 1172 4304 si
1203 4241 1288 4307 forte
1319 4265 1395 4308 suos
1408 4241 1521 4308 srirling.

343 4349 501 4436 populum
536 4347 708 4412 Scotorum
746 4341 919 4428 pacificare
952 4347 1087 4426 possent
1117 4363 1248 4428 quoquo
1290 4345 1396 4425 modo.

684 4507 866 4516 ,--..---
883 4505 1027 4512 ——---·
1103 4509 1142 4513 -
1156 4509 1162 4512 -
1173 4509 1220 4514 --—
1244 4510 1386 4516 ...⁹ss-

376 4599 383 4632 ἱ
405 4601 473 4650 llere
491 4615 524 4648 on
542 4597 605 4647 both
624 4593 735 4660 metgias
755 4590 776 4642 is
789 4591 844 4640 De·
869 4591 873 4693 p
927 4591 1048 4656 ’sporta
1061 4595 1115 4652 A.;
1134 4603 1243 4658 sponte-r,
1255 4595 1308 4644 MS.

345 4681 410 4743 cepti
421 4683 481 4728 runt
492 4675 575 4742 Anpli
586 4673 658 4742 apud
669 4670 825 4734 Strr'relyny.
871 4696 874 4750 1
928 4671 1136 4730 ⁴Berrrile‚MS.

377 4754 388 4787 ²
404 4760 428 4804 et
439 4753 526 4818 paulo,
538 4752 636 4802 written
655 4751 714 4800 herc
732 4748 846 4813 urrrngly
872 4760 874 4801 l

345 4833 370 4882 in
383 4835 439 4883 MS.
450 4833 516 4882 from
527 4831 572 4882 the
584 4839 639 4882 text
650 4831 738 4881 below.
873 4836 876 4894 l
