<?xml version="1.0" encoding="UTF-8"?>
<!DOCTYPE html PUBLIC "-//W3C//DTD XHTML 1.0 Transitional//EN"
    "http://www.w3.org/TR/xhtml1/DTD/xhtml1-transitional.dtd">
<html xmlns="http://www.w3.org/1999/xhtml" xml:lang="en" lang="en">
 <head>
  <title>
</title>
<meta http-equiv="Content-Type" content="text/html;charset=utf-8" />
  <meta name='ocr-system' content='tesseract 3.04.00' />
  <meta name='ocr-capabilities' content='ocr_page ocr_carea ocr_par ocr_line ocrx_word'/>
</head>
<body>
  <div class='ocr_page' id='page_1' title='image "./chroniconhenric00lumbgoog_0277.png"; bbox 0 0 3625 5784; ppageno 0'>
   <div class='ocr_carea' id='block_1_1' title="bbox 378 887 1079 955">
    <p class='ocr_par' dir='ltr' id='par_1_1' title="bbox 378 887 1079 955">
     <span class='ocr_line' id='line_1_1' title="bbox 378 887 1079 955; baseline 0.007 -7"><span class='ocrx_word' id='word_1_1' title='bbox 378 887 443 949; x_wconf 81' lang='lat'>254</span> <span class='ocrx_word' id='word_1_2' title='bbox 694 916 698 922; x_wconf 89' lang='lat'>·</span> <span class='ocrx_word' id='word_1_3' title='bbox 724 902 870 953; x_wconf 79' lang='lat' dir='ltr'>sermm</span> <span class='ocrx_word' id='word_1_4' title='bbox 897 901 1079 955; x_wconf 74' lang='lat' dir='ltr'>rumores</span> 
     </span>
    </p>
   </div>
   <div class='ocr_carea' id='block_1_2' title="bbox 201 1086 1583 4645">
    <p class='ocr_par' dir='ltr' id='par_1_2' title="bbox 201 1086 1583 4645">
     <span class='ocr_line' id='line_1_2' title="bbox 208 1086 1426 1177; baseline 0.007 -30"><span class='ocrx_word' id='word_1_5' title='bbox 208 1099 247 1148; x_wconf 81' lang='lat' dir='ltr'>ne</span> <span class='ocrx_word' id='word_1_6' title='bbox 260 1101 346 1151; x_wconf 80' lang='lat' dir='ltr'>Mont-</span> <span class='ocrx_word' id='word_1_7' title='bbox 375 1107 491 1164; x_wconf 74' lang='lat' dir='ltr'>eomm,</span> <span class='ocrx_word' id='word_1_8' title='bbox 526 1086 758 1173; x_wconf 86' lang='lat' dir='ltr'>“Pmpitietur</span> <span class='ocrx_word' id='word_1_9' title='bbox 788 1090 870 1154; x_wconf 87' lang='lat' dir='ltr'>deus</span> <span class='ocrx_word' id='word_1_10' title='bbox 901 1090 1075 1155; x_wconf 78' lang='lat' dir='ltr'><strong>animabus</strong></span> <span class='ocrx_word' id='word_1_11' title='bbox 1109 1091 1237 1165; x_wconf 82' lang='lat' dir='ltr'>nostris,</span> <span class='ocrx_word' id='word_1_12' title='bbox 1271 1092 1426 1177; x_wconf 85' lang='lat' dir='ltr'>quoniam</span> 
     </span>
     <span class='ocr_line' id='line_1_3' title="bbox 205 1164 1429 1282; baseline 0.004 -28"><span class='ocrx_word' id='word_1_13' title='bbox 205 1164 329 1282; x_wconf 48' lang='grc' dir='ltr'>ἷζῗῐξζδ</span> <span class='ocrx_word' id='word_1_14' title='bbox 378 1197 394 1221; x_wconf 92' lang='lat'><strong>“</strong></span> <span class='ocrx_word' id='word_1_15' title='bbox 410 1211 521 1254; x_wconf 84' lang='lat' dir='ltr'>eorum</span> <span class='ocrx_word' id='word_1_16' title='bbox 545 1196 625 1254; x_wconf 83' lang='lat' dir='ltr'>suut</span> <span class='ocrx_word' id='word_1_17' title='bbox 647 1212 782 1277; x_wconf 88' lang='lat' dir='ltr'>corpora</span> <span class='ocrx_word' id='word_1_18' title='bbox 802 1192 943 1258; x_wconf 83' lang='lat' dir='ltr'>nostra.&#39;’</span> <span class='ocrx_word' id='word_1_19' title='bbox 994 1192 1216 1278; x_wconf 83' lang='lat' dir='ltr'>Praecepitque</span> <span class='ocrx_word' id='word_1_20' title='bbox 1241 1199 1280 1257; x_wconf 91' lang='lat' dir='ltr'>ut</span> <span class='ocrx_word' id='word_1_21' title='bbox 1295 1195 1429 1259; x_wconf 87' lang='lat' dir='ltr'>conlite-</span> 
     </span>
     <span class='ocr_line' id='line_1_4' title="bbox 207 1294 1429 1382; baseline 0.011 -36"><span class='ocrx_word' id='word_1_22' title='bbox 207 1312 273 1348; x_wconf 82' lang='lat' dir='ltr'>men.</span> <span class='ocrx_word' id='word_1_23' title='bbox 376 1296 491 1355; x_wconf 91' lang='lat' dir='ltr'>rentur</span> <span class='ocrx_word' id='word_1_24' title='bbox 506 1313 618 1356; x_wconf 86' lang='lat' dir='ltr'>omnes</span> <span class='ocrx_word' id='word_1_25' title='bbox 633 1299 668 1357; x_wconf 89' lang='lat' dir='ltr'>et</span> <span class='ocrx_word' id='word_1_26' title='bbox 683 1298 793 1357; x_wconf 85' lang='lat' dir='ltr'>essent</span> <span class='ocrx_word' id='word_1_27' title='bbox 808 1295 916 1379; x_wconf 87' lang='lat' dir='ltr'>parati</span> <span class='ocrx_word' id='word_1_28' title='bbox 934 1294 968 1357; x_wconf 90' lang='lat' dir='ltr'>in</span> <span class='ocrx_word' id='word_1_29' title='bbox 985 1294 1136 1379; x_wconf 79' lang='lat' dir='ltr'>proelium</span> <span class='ocrx_word' id='word_1_30' title='bbox 1153 1296 1210 1379; x_wconf 87' lang='lat' dir='ltr'>qui</span> <span class='ocrx_word' id='word_1_31' title='bbox 1226 1316 1285 1380; x_wconf 88' lang='lat' dir='ltr'>pro</span> <span class='ocrx_word' id='word_1_32' title='bbox 1301 1295 1429 1382; x_wconf 81' lang='lat' dir='ltr'>legibus</span> 
     </span>
     <span class='ocr_line' id='line_1_5' title="bbox 375 1394 1429 1483; baseline 0.005 -26"><span class='ocrx_word' id='word_1_33' title='bbox 375 1398 473 1458; x_wconf 79' lang='lat' dir='ltr'>tcrrae</span> <span class='ocrx_word' id='word_1_34' title='bbox 496 1394 579 1459; x_wconf 89' lang='lat' dir='ltr'>mori</span> <span class='ocrx_word' id='word_1_35' title='bbox 602 1395 726 1460; x_wconf 85' lang='lat' dir='ltr'>vellent</span> <span class='ocrx_word' id='word_1_36' title='bbox 749 1402 784 1461; x_wconf 89' lang='lat' dir='ltr'>et</span> <span class='ocrx_word' id='word_1_37' title='bbox 806 1418 866 1481; x_wconf 90' lang='lat' dir='ltr'>pro</span> <span class='ocrx_word' id='word_1_38' title='bbox 883 1396 1028 1479; x_wconf 84' lang='lat' dir='ltr'>justitia,</span> <span class='ocrx_word' id='word_1_39' title='bbox 1052 1397 1109 1482; x_wconf 88' lang='lat' dir='ltr'>qui</span> <span class='ocrx_word' id='word_1_40' title='bbox 1133 1420 1212 1462; x_wconf 85' lang='lat' dir='ltr'>vero</span> <span class='ocrx_word' id='word_1_41' title='bbox 1236 1398 1429 1483; x_wconf 85' lang='lat' dir='ltr'>perfugam</span> 
     </span>
     <span class='ocr_line' id='line_1_6' title="bbox 375 1495 1427 1585; baseline 0.008 -27"><span class='ocrx_word' id='word_1_42' title='bbox 375 1516 409 1558; x_wconf 89' lang='lat' dir='ltr'>se</span> <span class='ocrx_word' id='word_1_43' title='bbox 432 1495 558 1561; x_wconf 84' lang='lat' dir='ltr'>salvere</span> <span class='ocrx_word' id='word_1_44' title='bbox 581 1495 706 1561; x_wconf 86' lang='lat' dir='ltr'>vellent</span> <span class='ocrx_word' id='word_1_45' title='bbox 728 1497 837 1562; x_wconf 88' lang='lat' dir='ltr'>ethos</span> <span class='ocrx_word' id='word_1_46' title='bbox 853 1498 984 1583; x_wconf 87' lang='lat' dir='ltr'>quidem</span> <span class='ocrx_word' id='word_1_47' title='bbox 1011 1498 1131 1562; x_wconf 89' lang='lat' dir='ltr'>liberos</span> <span class='ocrx_word' id='word_1_48' title='bbox 1154 1498 1246 1563; x_wconf 86' lang='lat' dir='ltr'>abire</span> <span class='ocrx_word' id='word_1_49' title='bbox 1263 1500 1427 1585; x_wconf 82' lang='lat' dir='ltr'>proecepit.</span> 
     </span>
     <span class='ocr_line' id='line_1_7' title="bbox 374 1597 1428 1685; baseline 0.005 -24"><span class='ocrx_word' id='word_1_50' title='bbox 374 1597 523 1683; x_wconf 73' lang='lat' dir='ltr'>Cumque</span> <span class='ocrx_word' id='word_1_51' title='bbox 547 1599 790 1664; x_wconf 79' lang='lat' dir='ltr'>confortaretur</span> <span class='ocrx_word' id='word_1_52' title='bbox 823 1622 844 1663; x_wconf 83' lang='lat' dir='ltr'>a</span> <span class='ocrx_word' id='word_1_53' title='bbox 875 1600 1097 1685; x_wconf 87' lang='lat' dir='ltr'>primogenito</span> <span class='ocrx_word' id='word_1_54' title='bbox 1132 1622 1190 1664; x_wconf 90' lang='lat' dir='ltr'>suo</span> <span class='ocrx_word' id='word_1_55' title='bbox 1216 1601 1361 1666; x_wconf 89' lang='lat' dir='ltr'>Henrico</span> <span class='ocrx_word' id='word_1_56' title='bbox 1386 1624 1428 1666; x_wconf 89' lang='lat' dir='ltr'>ue</span> 
     </span>
     <span class='ocr_line' id='line_1_8' title="bbox 374 1697 1424 1789; baseline 0.006 -26"><span class='ocrx_word' id='word_1_57' title='bbox 374 1697 563 1785; x_wconf 77' lang='lat' dir='ltr'>desperaret</span> <span class='ocrx_word' id='word_1_58' title='bbox 586 1700 620 1764; x_wconf 91' lang='lat' dir='ltr'>in</span> <span class='ocrx_word' id='word_1_59' title='bbox 644 1707 802 1766; x_wconf 86' lang='lat' dir='ltr'>eventum</span> <span class='ocrx_word' id='word_1_60' title='bbox 825 1702 929 1778; x_wconf 88' lang='lat' dir='ltr'>dubii,</span> <span class='ocrx_word' id='word_1_61' title='bbox 952 1702 1131 1786; x_wconf 79' lang='lat' dir='ltr'><strong>respondit,</strong></span> <span class='ocrx_word' id='word_1_62' title='bbox 1156 1702 1263 1766; x_wconf 91' lang='lat' dir='ltr'>“Non</span> <span class='ocrx_word' id='word_1_63' title='bbox 1287 1704 1424 1789; x_wconf 87' lang='lat' dir='ltr'>despero</span> 
     </span>
     <span class='ocr_line' id='line_1_9' title="bbox 374 1801 1426 1889; baseline 0.004 -26"><span class='ocrx_word' id='word_1_64' title='bbox 374 1808 391 1835; x_wconf 88' lang='lat'>“</span> <span class='ocrx_word' id='word_1_65' title='bbox 415 1801 462 1863; x_wconf 85' lang='lat' dir='ltr'>lili</span> <span class='ocrx_word' id='word_1_66' title='bbox 486 1802 542 1865; x_wconf 88' lang='lat' dir='ltr'>sed</span> <span class='ocrx_word' id='word_1_67' title='bbox 567 1802 779 1887; x_wconf 76' lang='lat' dir='ltr'><strong>praesumptio</strong></span> <span class='ocrx_word' id='word_1_68' title='bbox 803 1811 862 1865; x_wconf 90' lang='lat' dir='ltr'>tua</span> <span class='ocrx_word' id='word_1_69' title='bbox 886 1807 921 1866; x_wconf 88' lang='lat' dir='ltr'>et</span> <span class='ocrx_word' id='word_1_70' title='bbox 944 1802 1098 1889; x_wconf 83' lang='lat' dir='ltr'>superbia</span> <span class='ocrx_word' id='word_1_71' title='bbox 1130 1803 1268 1867; x_wconf 74' lang='lat' dir='ltr'>fratrum</span> <span class='ocrx_word' id='word_1_72' title='bbox 1293 1810 1426 1868; x_wconf 87' lang='lat' dir='ltr'>tuorum</span> 
     </span>
     <span class='ocr_line' id='line_1_10' title="bbox 373 1902 1428 1990; baseline 0.007 -25"><span class='ocrx_word' id='word_1_73' title='bbox 373 1912 391 1935; x_wconf 91' lang='lat'><strong>“</strong></span> <span class='ocrx_word' id='word_1_74' title='bbox 414 1924 467 1967; x_wconf 87' lang='lat' dir='ltr'>me</span> <span class='ocrx_word' id='word_1_75' title='bbox 505 1904 547 1967; x_wconf 83' lang='lat' dir='ltr'>ed</span> <span class='ocrx_word' id='word_1_76' title='bbox 585 1902 676 1969; x_wconf 84' lang='lat' dir='ltr'>huuc</span> <span class='ocrx_word' id='word_1_77' title='bbox 714 1904 813 1968; x_wconf 82' lang='lat' dir='ltr'>linem</span> <span class='ocrx_word' id='word_1_78' title='bbox 853 1926 950 1989; x_wconf 86' lang='lat' dir='ltr'>quem</span> <span class='ocrx_word' id='word_1_79' title='bbox 991 1904 1084 1969; x_wconf 87' lang='lat' dir='ltr'>vides</span> <span class='ocrx_word' id='word_1_80' title='bbox 1128 1906 1293 1990; x_wconf 85' lang='lat' dir='ltr'>perduxit,</span> <span class='ocrx_word' id='word_1_81' title='bbox 1339 1928 1428 1973; x_wconf 85' lang='lat' dir='ltr'>nuuc</span> 
     </span>
     <span class='ocr_line' id='line_1_11' title="bbox 373 2005 1382 2091; baseline 0.005 -25"><span class='ocrx_word' id='word_1_82' title='bbox 373 2010 392 2041; x_wconf 89' lang='lat'><strong>“</strong></span> <span class='ocrx_word' id='word_1_83' title='bbox 417 2014 646 2069; x_wconf 81' lang='lat' dir='ltr'>verumtamen</span> <span class='ocrx_word' id='word_1_84' title='bbox 669 2011 708 2071; x_wconf 90' lang='lat' dir='ltr'>ut</span> <span class='ocrx_word' id='word_1_85' title='bbox 730 2005 826 2069; x_wconf 82' lang='lat' dir='ltr'>credo</span> <span class='ocrx_word' id='word_1_86' title='bbox 851 2005 976 2070; x_wconf 88' lang='lat' dir='ltr'>moriar</span> <span class='ocrx_word' id='word_1_87' title='bbox 999 2026 1059 2091; x_wconf 92' lang='lat' dir='ltr'>pro</span> <span class='ocrx_word' id='word_1_88' title='bbox 1083 2007 1144 2070; x_wconf 89' lang='lat' dir='ltr'>deo</span> <span class='ocrx_word' id='word_1_89' title='bbox 1167 2010 1201 2071; x_wconf 88' lang='lat' dir='ltr'>et</span> <span class='ocrx_word' id='word_1_90' title='bbox 1221 2006 1382 2090; x_wconf 85' lang='lat' dir='ltr'>justitia.”</span> 
     </span>
     <span class='ocr_line' id='line_1_12' title="bbox 418 2106 1428 2193; baseline 0.002 -24"><span class='ocrx_word' id='word_1_91' title='bbox 418 2106 601 2170; x_wconf 86' lang='lat' dir='ltr'>Armautur</span> <span class='ocrx_word' id='word_1_92' title='bbox 631 2127 708 2192; x_wconf 85' lang='lat' dir='ltr'>ergo</span> <span class='ocrx_word' id='word_1_93' title='bbox 737 2127 850 2170; x_wconf 87' lang='lat' dir='ltr'>onmes</span> <span class='ocrx_word' id='word_1_94' title='bbox 881 2106 982 2170; x_wconf 84' lang='lat' dir='ltr'>etad</span> <span class='ocrx_word' id='word_1_95' title='bbox 1008 2106 1160 2191; x_wconf 67' lang='lat' dir='ltr'>praelium</span> <span class='ocrx_word' id='word_1_96' title='bbox 1187 2107 1428 2193; x_wconf 77' lang='lat' dir='ltr'>aliquantisper</span> 
     </span>
     <span class='ocr_line' id='line_1_13' title="bbox 372 2206 1427 2294; baseline 0.001 -21"><span class='ocrx_word' id='word_1_97' title='bbox 372 2207 571 2273; x_wconf 85' lang='lat' dir='ltr'>animantur.</span> <span class='ocrx_word' id='word_1_98' title='bbox 619 2208 684 2272; x_wconf 89' lang='lat' dir='ltr'>Sed</span> <span class='ocrx_word' id='word_1_99' title='bbox 712 2208 839 2294; x_wconf 86' lang='lat' dir='ltr'>etipse</span> <span class='ocrx_word' id='word_1_100' title='bbox 873 2229 932 2272; x_wconf 86' lang='lat' dir='ltr'>rex</span> <span class='ocrx_word' id='word_1_101' title='bbox 968 2206 1085 2292; x_wconf 91' lang='lat' dir='ltr'>quiin</span> <span class='ocrx_word' id='word_1_102' title='bbox 1121 2208 1271 2273; x_wconf 82' lang='lat' dir='ltr'>custodis</span> <span class='ocrx_word' id='word_1_103' title='bbox 1296 2210 1427 2274; x_wconf 83' lang='lat' dir='ltr'>comitis</span> 
     </span>
     <span class='ocr_line' id='line_1_14' title="bbox 374 2309 1426 2394; baseline 0.003 -22"><span class='ocrx_word' id='word_1_104' title='bbox 374 2330 476 2394; x_wconf 87' lang='lat' dir='ltr'>usquc</span> <span class='ocrx_word' id='word_1_105' title='bbox 500 2310 535 2372; x_wconf 87' lang='lat' dir='ltr'>in</span> <span class='ocrx_word' id='word_1_106' title='bbox 557 2330 700 2394; x_wconf 88' lang='lat' dir='ltr'>praesens</span> <span class='ocrx_word' id='word_1_107' title='bbox 725 2314 938 2387; x_wconf 77' lang='lat' dir='ltr'>remanserat,</span> <span class='ocrx_word' id='word_1_108' title='bbox 954 2310 1054 2373; x_wconf 87' lang='lat' dir='ltr'>armis</span> <span class='ocrx_word' id='word_1_109' title='bbox 1079 2313 1118 2373; x_wconf 92' lang='lat' dir='ltr'>ut</span> <span class='ocrx_word' id='word_1_110' title='bbox 1141 2309 1264 2374; x_wconf 83' lang='lat' dir='ltr'>dicitur</span> <span class='ocrx_word' id='word_1_111' title='bbox 1297 2311 1426 2375; x_wconf 80' lang='lat' dir='ltr'>comitis</span> 
     </span>
     <span class='ocr_line' id='line_1_15' title="bbox 205 2412 1422 2497; baseline 0.006 -27"><span class='ocrx_word' id='word_1_112' title='bbox 205 2420 277 2487; x_wconf 77' lang='lat' dir='ltr'>King</span> <span class='ocrx_word' id='word_1_113' title='bbox 373 2416 520 2476; x_wconf 85' lang='lat' dir='ltr'>armatus</span> <span class='ocrx_word' id='word_1_114' title='bbox 550 2417 608 2476; x_wconf 88' lang='lat' dir='ltr'>est.</span> <span class='ocrx_word' id='word_1_115' title='bbox 658 2412 890 2477; x_wconf 88' lang='lat' dir='ltr'>Processerunt</span> <span class='ocrx_word' id='word_1_116' title='bbox 924 2432 1001 2497; x_wconf 67' lang='lat' dir='ltr'>erpo</span> <span class='ocrx_word' id='word_1_117' title='bbox 1036 2432 1094 2496; x_wconf 87' lang='lat' dir='ltr'>per</span> <span class='ocrx_word' id='word_1_118' title='bbox 1117 2417 1244 2477; x_wconf 88' lang='lat' dir='ltr'>turmas</span> <span class='ocrx_word' id='word_1_119' title='bbox 1268 2434 1345 2477; x_wconf 84' lang='lat' dir='ltr'>suas</span> <span class='ocrx_word' id='word_1_120' title='bbox 1379 2414 1422 2478; x_wconf 85' lang='lat' dir='ltr'>ad</span> 
     </span>
     <span class='ocr_line' id='line_1_16' title="bbox 205 2488 1427 2605; baseline 0.004 -30"><span class='ocrx_word' id='word_1_121' title='bbox 205 2488 361 2605; x_wconf 54' lang='lat' dir='ltr'>fflss‘m</span> <span class='ocrx_word' id='word_1_122' title='bbox 374 2512 590 2597; x_wconf 86' lang='lat' dir='ltr'>pugnandum</span> <span class='ocrx_word' id='word_1_123' title='bbox 628 2534 689 2597; x_wconf 90' lang='lat' dir='ltr'>pro</span> <span class='ocrx_word' id='word_1_124' title='bbox 728 2512 845 2597; x_wconf 85' lang='lat' dir='ltr'>patria,</span> <span class='ocrx_word' id='word_1_125' title='bbox 884 2520 918 2575; x_wconf 91' lang='lat' dir='ltr'>et</span> <span class='ocrx_word' id='word_1_126' title='bbox 951 2518 1130 2596; x_wconf 79' lang='lat' dir='ltr'>antequem</span> <span class='ocrx_word' id='word_1_127' title='bbox 1162 2514 1323 2598; x_wconf 78' lang='lat' dir='ltr'>progressi</span> <span class='ocrx_word' id='word_1_128' title='bbox 1347 2520 1427 2579; x_wconf 87' lang='lat' dir='ltr'>sunt</span> 
     </span>
     <span class='ocr_line' id='line_1_17' title="bbox 206 2612 1427 2701; baseline 0.01 -32"><span class='ocrx_word' id='word_1_129' title='bbox 206 2620 294 2671; x_wconf 67' lang='lat' dir='ltr'>batus.</span> <span class='ocrx_word' id='word_1_130' title='bbox 373 2614 530 2699; x_wconf 86' lang='lat' dir='ltr'>fugerunt</span> <span class='ocrx_word' id='word_1_131' title='bbox 552 2612 734 2701; x_wconf 82' lang='lat' dir='ltr'>Wallenses</span> <span class='ocrx_word' id='word_1_132' title='bbox 756 2634 777 2677; x_wconf 84' lang='lat' dir='ltr'>a</span> <span class='ocrx_word' id='word_1_133' title='bbox 799 2614 918 2678; x_wconf 87' lang='lat' dir='ltr'>comite</span> <span class='ocrx_word' id='word_1_134' title='bbox 934 2613 1088 2699; x_wconf 84' lang='lat' dir='ltr'>Symone,</span> <span class='ocrx_word' id='word_1_135' title='bbox 1108 2622 1142 2677; x_wconf 88' lang='lat' dir='ltr'>et</span> <span class='ocrx_word' id='word_1_136' title='bbox 1165 2613 1200 2676; x_wconf 88' lang='lat' dir='ltr'>in</span> <span class='ocrx_word' id='word_1_137' title='bbox 1226 2616 1427 2680; x_wconf 86' lang='lat' dir='ltr'>transeundo</span> 
     </span>
     <span class='ocr_line' id='line_1_18' title="bbox 373 2716 1424 2802; baseline 0.006 -23"><span class='ocrx_word' id='word_1_138' title='bbox 373 2716 497 2782; x_wconf 90' lang='lat' dir='ltr'>flumen</span> <span class='ocrx_word' id='word_1_139' title='bbox 537 2718 604 2781; x_wconf 82' lang='lat' dir='ltr'>llee</span> <span class='ocrx_word' id='word_1_140' title='bbox 644 2716 742 2781; x_wconf 90' lang='lat' dir='ltr'>multi</span> <span class='ocrx_word' id='word_1_141' title='bbox 779 2716 938 2781; x_wconf 80' lang='lat' dir='ltr'>submersi</span> <span class='ocrx_word' id='word_1_142' title='bbox 979 2721 1058 2781; x_wconf 89' lang='lat' dir='ltr'>sunt</span> <span class='ocrx_word' id='word_1_143' title='bbox 1088 2723 1123 2781; x_wconf 86' lang='lat' dir='ltr'>et</span> <span class='ocrx_word' id='word_1_144' title='bbox 1154 2716 1273 2802; x_wconf 91' lang='lat' dir='ltr'>reliqui</span> <span class='ocrx_word' id='word_1_145' title='bbox 1315 2718 1424 2785; x_wconf 90' lang='lat' dir='ltr'>denuo</span> 
     </span>
     <span class='ocr_line' id='line_1_19' title="bbox 202 2820 1426 2907; baseline 0.007 -28"><span class='ocrx_word' id='word_1_146' title='bbox 202 2836 341 2891; x_wconf 58' lang='lat' dir='ltr'>pem.</span> <span class='ocrx_word' id='word_1_147' title='bbox 373 2821 539 2907; x_wconf 86' lang='lat' dir='ltr'>baptisati.</span> <span class='ocrx_word' id='word_1_148' title='bbox 605 2822 766 2887; x_wconf 74' lang='lat' dir='ltr'>Conserto</span> <span class='ocrx_word' id='word_1_149' title='bbox 804 2820 917 2905; x_wconf 88' lang='lat' dir='ltr'>itaque</span> <span class='ocrx_word' id='word_1_150' title='bbox 949 2820 1043 2906; x_wconf 82' lang='lat' dir='ltr'>gravi</span> <span class='ocrx_word' id='word_1_151' title='bbox 1082 2820 1196 2905; x_wconf 84' lang='lat' dir='ltr'>praelio</span> <span class='ocrx_word' id='word_1_152' title='bbox 1233 2834 1426 2887; x_wconf 87' lang='lat' dir='ltr'>corruerunt</span> 
     </span>
     <span class='ocr_line' id='line_1_20' title="bbox 204 2906 1423 3024; baseline 0 -37"><span class='ocrx_word' id='word_1_153' title='bbox 204 2906 360 3024; x_wconf 51' lang='lat' dir='ltr'>ffiffil&#39;</span> <span class='ocrx_word' id='word_1_154' title='bbox 373 2922 471 2987; x_wconf 88' lang='lat' dir='ltr'>multi</span> <span class='ocrx_word' id='word_1_155' title='bbox 500 2946 542 2987; x_wconf 85' lang='lat' dir='ltr'>ex</span> <span class='ocrx_word' id='word_1_156' title='bbox 564 2928 658 3009; x_wconf 80' lang='lat' dir='ltr'>parte</span> <span class='ocrx_word' id='word_1_157' title='bbox 681 2922 819 2998; x_wconf 89' lang='lat' dir='ltr'>comitis,</span> <span class='ocrx_word' id='word_1_158' title='bbox 851 2921 909 2986; x_wconf 88' lang='lat' dir='ltr'>sed</span> <span class='ocrx_word' id='word_1_159' title='bbox 943 2928 977 2986; x_wconf 92' lang='lat' dir='ltr'>et</span> <span class='ocrx_word' id='word_1_160' title='bbox 1008 2922 1077 3008; x_wconf 86' lang='lat' dir='ltr'>ipse</span> <span class='ocrx_word' id='word_1_161' title='bbox 1110 2944 1169 2986; x_wconf 85' lang='lat' dir='ltr'>rex</span> <span class='ocrx_word' id='word_1_162' title='bbox 1193 2944 1364 3007; x_wconf 88' lang='lat' dir='ltr'>percussus</span> <span class='ocrx_word' id='word_1_163' title='bbox 1388 2925 1423 2989; x_wconf 89' lang='lat' dir='ltr'>in</span> 
     </span>
     <span class='ocr_line' id='line_1_21' title="bbox 372 3024 1425 3110; baseline 0.002 -21"><span class='ocrx_word' id='word_1_164' title='bbox 372 3025 513 3110; x_wconf 83' lang='lat' dir='ltr'>scapulo,</span> <span class='ocrx_word' id='word_1_165' title='bbox 551 3025 709 3091; x_wconf 88' lang='lat' dir='ltr'>clamavit</span> <span class='ocrx_word' id='word_1_166' title='bbox 746 3024 885 3101; x_wconf 83' lang='lat' dir='ltr'>fortiter,</span> <span class='ocrx_word' id='word_1_167' title='bbox 926 3024 1024 3110; x_wconf 84' lang='lat' dir='ltr'>“Ego</span> <span class='ocrx_word' id='word_1_168' title='bbox 1063 3046 1135 3087; x_wconf 86' lang='lat' dir='ltr'>sum</span> <span class='ocrx_word' id='word_1_169' title='bbox 1182 3024 1346 3089; x_wconf 84' lang='lat' dir='ltr'>Henricus</span> <span class='ocrx_word' id='word_1_170' title='bbox 1384 3026 1425 3091; x_wconf 88' lang='lat' dir='ltr'>de</span> 
     </span>
     <span class='ocr_line' id='line_1_22' title="bbox 373 3124 1424 3203; baseline 0 -12"><span class='ocrx_word' id='word_1_171' title='bbox 373 3138 389 3163; x_wconf 88' lang='lat'><strong>“</strong></span> <span class='ocrx_word' id='word_1_172' title='bbox 407 3127 605 3193; x_wconf 86' lang='lat' dir='ltr'>Wincestria</span> <span class='ocrx_word' id='word_1_173' title='bbox 620 3150 680 3191; x_wconf 83' lang='lat' dir='ltr'>rex</span> <span class='ocrx_word' id='word_1_174' title='bbox 699 3132 816 3203; x_wconf 87' lang='lat' dir='ltr'>vester,</span> <span class='ocrx_word' id='word_1_175' title='bbox 833 3148 900 3190; x_wconf 90' lang='lat' dir='ltr'>uon</span> <span class='ocrx_word' id='word_1_176' title='bbox 924 3126 1081 3191; x_wconf 81' lang='lat' dir='ltr'>occidatis</span> <span class='ocrx_word' id='word_1_177' title='bbox 1106 3124 1185 3189; x_wconf 87' lang='lat' dir='ltr'>me.&#39;&#39;</span> <span class='ocrx_word' id='word_1_178' title='bbox 1231 3126 1313 3190; x_wconf 85' lang='lat' dir='ltr'>Erat</span> <span class='ocrx_word' id='word_1_179' title='bbox 1336 3127 1424 3191; x_wconf 89' lang='lat' dir='ltr'>enim</span> 
     </span>
     <span class='ocr_line' id='line_1_23' title="bbox 372 3227 1423 3316; baseline 0.001 -22"><span class='ocrx_word' id='word_1_180' title='bbox 372 3231 426 3294; x_wconf 92' lang='lat' dir='ltr'>vir</span> <span class='ocrx_word' id='word_1_181' title='bbox 448 3230 588 3316; x_wconf 82' lang='lat' dir='ltr'>simplex</span> <span class='ocrx_word' id='word_1_182' title='bbox 611 3252 675 3294; x_wconf 88' lang='lat' dir='ltr'>non</span> <span class='ocrx_word' id='word_1_183' title='bbox 701 3229 882 3295; x_wconf 74' lang='lat' dir='ltr'>bellimons</span> <span class='ocrx_word' id='word_1_184' title='bbox 930 3227 1085 3294; x_wconf 85' lang='lat' dir='ltr'>Salvavi&#39;t</span> <span class='ocrx_word' id='word_1_185' title='bbox 1108 3250 1183 3293; x_wconf 89' lang='lat' dir='ltr'>eum</span> <span class='ocrx_word' id='word_1_186' title='bbox 1200 3228 1234 3292; x_wconf 90' lang='lat' dir='ltr'>in</span> <span class='ocrx_word' id='word_1_187' title='bbox 1258 3250 1338 3294; x_wconf 88' lang='lat' dir='ltr'>voce</span> <span class='ocrx_word' id='word_1_188' title='bbox 1361 3229 1423 3295; x_wconf 84' lang='lat' dir='ltr'>heo</span> 
     </span>
     <span class='ocr_line' id='line_1_24' title="bbox 372 3331 1424 3398; baseline 0 0"><span class='ocrx_word' id='word_1_189' title='bbox 372 3334 525 3398; x_wconf 90' lang='lat' dir='ltr'>dominus</span> <span class='ocrx_word' id='word_1_190' title='bbox 548 3332 657 3397; x_wconf 89' lang='lat' dir='ltr'>Adam</span> <span class='ocrx_word' id='word_1_191' title='bbox 690 3333 730 3396; x_wconf 92' lang='lat' dir='ltr'>de</span> <span class='ocrx_word' id='word_1_192' title='bbox 759 3332 872 3397; x_wconf 87' lang='lat' dir='ltr'>Monte</span> <span class='ocrx_word' id='word_1_193' title='bbox 906 3331 983 3397; x_wconf 81' lang='lat' dir='ltr'>alto.</span> <span class='ocrx_word' id='word_1_194' title='bbox 1025 3332 1179 3397; x_wconf 83' lang='lat' dir='ltr'>Accurrit</span> <span class='ocrx_word' id='word_1_195' title='bbox 1202 3332 1302 3397; x_wconf 86' lang='lat' dir='ltr'>etiam</span> <span class='ocrx_word' id='word_1_196' title='bbox 1335 3331 1424 3398; x_wconf 87' lang='lat' dir='ltr'>filius</span> 
     </span>
     <span class='ocr_line' id='line_1_25' title="bbox 371 3434 1423 3521; baseline 0 -20"><span class='ocrx_word' id='word_1_197' title='bbox 371 3438 415 3501; x_wconf 92' lang='lat' dir='ltr'>ad</span> <span class='ocrx_word' id='word_1_198' title='bbox 437 3458 549 3501; x_wconf 83' lang='lat' dir='ltr'>rocem</span> <span class='ocrx_word' id='word_1_199' title='bbox 574 3435 678 3521; x_wconf 70' lang='lat' dir='ltr'>patris</span> <span class='ocrx_word' id='word_1_200' title='bbox 701 3440 735 3498; x_wconf 90' lang='lat' dir='ltr'>et</span> <span class='ocrx_word' id='word_1_201' title='bbox 757 3456 833 3499; x_wconf 89' lang='lat' dir='ltr'>eum</span> <span class='ocrx_word' id='word_1_202' title='bbox 856 3434 1108 3501; x_wconf 76' lang='lat' dir='ltr'>cusmdienoum</span> <span class='ocrx_word' id='word_1_203' title='bbox 1133 3434 1273 3499; x_wconf 84' lang='lat' dir='ltr'>tradidit</span> <span class='ocrx_word' id='word_1_204' title='bbox 1296 3436 1423 3501; x_wconf 83' lang='lat' dir='ltr'>caeteris</span> 
     </span>
     <span class='ocr_line' id='line_1_26' title="bbox 204 3528 1423 3611; baseline 0.003 -14"><span class='ocrx_word' id='word_1_205' title='bbox 204 3528 341 3611; x_wconf 60' lang='lat' dir='ltr'>pem.</span> <span class='ocrx_word' id='word_1_206' title='bbox 371 3537 535 3602; x_wconf 88' lang='lat' dir='ltr'>militibus</span> <span class='ocrx_word' id='word_1_207' title='bbox 565 3536 641 3601; x_wconf 88' lang='lat' dir='ltr'>suis.</span> <span class='ocrx_word' id='word_1_208' title='bbox 690 3536 830 3600; x_wconf 89' lang='lat' dir='ltr'>lnterim</span> <span class='ocrx_word' id='word_1_209' title='bbox 869 3557 947 3601; x_wconf 88' lang='lat' dir='ltr'>vero</span> <span class='ocrx_word' id='word_1_210' title='bbox 986 3535 1105 3601; x_wconf 84' lang='lat' dir='ltr'>cecidit</span> <span class='ocrx_word' id='word_1_211' title='bbox 1137 3542 1171 3599; x_wconf 90' lang='lat' dir='ltr'>et</span> <span class='ocrx_word' id='word_1_212' title='bbox 1208 3536 1334 3601; x_wconf 88' lang='lat' dir='ltr'>occisus</span> <span class='ocrx_word' id='word_1_213' title='bbox 1372 3544 1423 3601; x_wconf 87' lang='lat' dir='ltr'>est</span> 
     </span>
     <span class='ocr_line' id='line_1_27' title="bbox 204 3626 1422 3725; baseline -0.002 -18"><span class='ocrx_word' id='word_1_214' title='bbox 204 3626 254 3677; x_wconf 61' lang='lat'>‘⁰¹¹</span> <span class='ocrx_word' id='word_1_215' title='bbox 267 3626 348 3677; x_wconf 62' lang='lat'>⁸¹⁸⁵¹¹³</span> <span class='ocrx_word' id='word_1_216' title='bbox 370 3662 478 3707; x_wconf 86' lang='lat' dir='ltr'>comes</span> <span class='ocrx_word' id='word_1_217' title='bbox 518 3640 651 3725; x_wconf 84' lang='lat' dir='ltr'>Symou,</span> <span class='ocrx_word' id='word_1_218' title='bbox 687 3644 865 3725; x_wconf 87' lang='lat' dir='ltr'>antequam</span> <span class='ocrx_word' id='word_1_219' title='bbox 904 3642 1125 3703; x_wconf 86' lang='lat' dir='ltr'>reverteretur</span> <span class='ocrx_word' id='word_1_220' title='bbox 1160 3638 1353 3715; x_wconf 71' lang='lat' dir='ltr'>edwardus,</span> <span class='ocrx_word' id='word_1_221' title='bbox 1387 3647 1422 3705; x_wconf 88' lang='lat' dir='ltr'>et</span> 
     </span>
     <span class='ocr_line' id='line_1_28' title="bbox 371 3738 1421 3827; baseline -0.002 -20"><span class='ocrx_word' id='word_1_222' title='bbox 371 3764 446 3808; x_wconf 91' lang='lat' dir='ltr'>cum</span> <span class='ocrx_word' id='word_1_223' title='bbox 469 3747 574 3806; x_wconf 79' lang='lat' dir='ltr'>staret</span> <span class='ocrx_word' id='word_1_224' title='bbox 596 3741 696 3826; x_wconf 88' lang='lat' dir='ltr'>podes</span> <span class='ocrx_word' id='word_1_225' title='bbox 717 3762 870 3827; x_wconf 86' lang='lat' dir='ltr'>pugnans</span> <span class='ocrx_word' id='word_1_226' title='bbox 901 3740 1012 3827; x_wconf 88' lang='lat' dir='ltr'>gladio</span> <span class='ocrx_word' id='word_1_227' title='bbox 1040 3746 1074 3804; x_wconf 88' lang='lat' dir='ltr'>et</span> <span class='ocrx_word' id='word_1_228' title='bbox 1108 3738 1213 3805; x_wconf 86' lang='lat' dir='ltr'>occiso</span> <span class='ocrx_word' id='word_1_229' title='bbox 1245 3740 1421 3806; x_wconf 85' lang='lat' dir='ltr'>dextrario.</span> 
     </span>
     <span class='ocr_line' id='line_1_29' title="bbox 371 3841 1421 3930; baseline -0.003 -20"><span class='ocrx_word' id='word_1_230' title='bbox 371 3844 520 3930; x_wconf 81' lang='lat' dir='ltr'>Cumque</span> <span class='ocrx_word' id='word_1_231' title='bbox 543 3844 714 3908; x_wconf 87' lang='lat' dir='ltr'>stetissent</span> <span class='ocrx_word' id='word_1_232' title='bbox 743 3849 915 3930; x_wconf 84' lang='lat' dir='ltr'>magnates</span> <span class='ocrx_word' id='word_1_233' title='bbox 938 3843 989 3907; x_wconf 90' lang='lat' dir='ltr'>sui</span> <span class='ocrx_word' id='word_1_234' title='bbox 1023 3863 1096 3907; x_wconf 91' lang='lat' dir='ltr'>cum</span> <span class='ocrx_word' id='word_1_235' title='bbox 1132 3841 1277 3907; x_wconf 86' lang='lat' dir='ltr'>Henrico</span> <span class='ocrx_word' id='word_1_236' title='bbox 1300 3844 1421 3928; x_wconf 90' lang='lat' dir='ltr'>primo·</span> 
     </span>
     <span class='ocr_line' id='line_1_30' title="bbox 370 3943 1421 4033; baseline -0.001 -22"><span class='ocrx_word' id='word_1_237' title='bbox 370 3947 484 4033; x_wconf 86' lang='lat' dir='ltr'>genito</span> <span class='ocrx_word' id='word_1_238' title='bbox 507 3967 575 4022; x_wconf 89' lang='lat' dir='ltr'>suo,</span> <span class='ocrx_word' id='word_1_239' title='bbox 598 3946 748 4031; x_wconf 85' lang='lat' dir='ltr'>prorupit</span> <span class='ocrx_word' id='word_1_240' title='bbox 782 3946 818 4009; x_wconf 89' lang='lat' dir='ltr'>in</span> <span class='ocrx_word' id='word_1_241' title='bbox 850 3944 921 4011; x_wconf 83' lang='lat' dir='ltr'>haec</span> <span class='ocrx_word' id='word_1_242' title='bbox 954 3944 1064 4023; x_wconf 83' lang='lat' dir='ltr'>verba,</span> <span class='ocrx_word' id='word_1_243' title='bbox 1101 3944 1213 4009; x_wconf 86' lang='lat' dir='ltr'>dicens</span> <span class='ocrx_word' id='word_1_244' title='bbox 1236 3943 1278 4007; x_wconf 85' lang='lat' dir='ltr'>sd</span> <span class='ocrx_word' id='word_1_245' title='bbox 1301 3943 1421 4023; x_wconf 85' lang='lat' dir='ltr'>hostes,</span> 
     </span>
     <span class='ocr_line' id='line_1_31' title="bbox 370 4046 1422 4133; baseline -0.002 -20"><span class='ocrx_word' id='word_1_246' title='bbox 370 4060 387 4085; x_wconf 87' lang='lat'>“</span> <span class='ocrx_word' id='word_1_247' title='bbox 398 4050 490 4113; x_wconf 89' lang='lat' dir='ltr'>Num</span> <span class='ocrx_word' id='word_1_248' title='bbox 505 4048 727 4113; x_wconf 87' lang='lat' dir='ltr'>misericordia</span> <span class='ocrx_word' id='word_1_249' title='bbox 741 4047 854 4133; x_wconf 88' lang='lat' dir='ltr'>aliqua</span> <span class='ocrx_word' id='word_1_250' title='bbox 872 4046 1041 4111; x_wconf 88' lang='lat' dir='ltr'>vobiscum</span> <span class='ocrx_word' id='word_1_251' title='bbox 1058 4052 1108 4111; x_wconf 87' lang='lat' dir='ltr'>cst</span> <span class='ocrx_word' id='word_1_252' title='bbox 1119 4050 1130 4111; x_wconf 79' lang='lat' dir='ltr'>l</span> <span class='ocrx_word' id='word_1_253' title='bbox 1140 4046 1157 4069; x_wconf 92' lang='lat'>&#39;&#39;</span> <span class='ocrx_word' id='word_1_254' title='bbox 1193 4046 1238 4110; x_wconf 84' lang='lat' dir='ltr'>Et</span> <span class='ocrx_word' id='word_1_255' title='bbox 1253 4046 1422 4131; x_wconf 88' lang='lat' dir='ltr'>respondit</span> 
     </span>
     <span class='ocr_line' id='line_1_32' title="bbox 203 4147 1420 4230; baseline -0.003 -10"><span class='ocrx_word' id='word_1_256' title='bbox 203 4169 311 4221; x_wconf 74' lang='lat' dir='ltr'>Hislast</span> <span class='ocrx_word' id='word_1_257' title='bbox 371 4174 465 4228; x_wconf 89' lang='lat' dir='ltr'>unus,</span> <span class='ocrx_word' id='word_1_258' title='bbox 481 4151 591 4230; x_wconf 76' lang='lat' dir='ltr'>“Qum</span> <span class='ocrx_word' id='word_1_259' title='bbox 606 4150 829 4214; x_wconf 89' lang='lat' dir='ltr'>misericordia</span> <span class='ocrx_word' id='word_1_260' title='bbox 844 4147 1061 4214; x_wconf 79' lang='lat' dir='ltr'>seductoril”</span> <span class='ocrx_word' id='word_1_261' title='bbox 1100 4149 1146 4213; x_wconf 88' lang='lat' dir='ltr'>Et</span> <span class='ocrx_word' id='word_1_262' title='bbox 1161 4148 1225 4224; x_wconf 92' lang='lat' dir='ltr'>ille,</span> <span class='ocrx_word' id='word_1_263' title='bbox 1242 4149 1420 4216; x_wconf 84' lang='lat' dir='ltr'>“Miserea-</span> 
     </span>
     <span class='ocr_line' id='line_1_33' title="bbox 201 4240 1421 4338; baseline 0 -21"><span class='ocrx_word' id='word_1_264' title='bbox 201 4240 293 4288; x_wconf 64' lang='lat' dir='ltr'>l⁰ffl⁸·</span> <span class='ocrx_word' id='word_1_265' title='bbox 370 4262 390 4292; x_wconf 87' lang='lat'><strong>“</strong></span> <span class='ocrx_word' id='word_1_266' title='bbox 413 4257 469 4317; x_wconf 90' lang='lat' dir='ltr'>tur</span> <span class='ocrx_word' id='word_1_267' title='bbox 483 4274 561 4338; x_wconf 89' lang='lat' dir='ltr'>ergo</span> <span class='ocrx_word' id='word_1_268' title='bbox 576 4252 658 4317; x_wconf 87' lang='lat' dir='ltr'>deus</span> <span class='ocrx_word' id='word_1_269' title='bbox 680 4251 854 4317; x_wconf 88' lang='lat' dir='ltr'>animabus</span> <span class='ocrx_word' id='word_1_270' title='bbox 870 4252 992 4317; x_wconf 83' lang='lat' dir='ltr'>nostris</span> <span class='ocrx_word' id='word_1_271' title='bbox 1016 4251 1170 4337; x_wconf 86' lang='lat' dir='ltr'>quoniam</span> <span class='ocrx_word' id='word_1_272' title='bbox 1196 4271 1332 4337; x_wconf 87' lang='lat' dir='ltr'>corpora</span> <span class='ocrx_word' id='word_1_273' title='bbox 1347 4272 1421 4317; x_wconf 83' lang='lat' dir='ltr'>noa·</span> 
     </span>
     <span class='ocr_line' id='line_1_34' title="bbox 372 4352 1421 4441; baseline -0.001 -22"><span class='ocrx_word' id='word_1_274' title='bbox 372 4364 389 4390; x_wconf 84' lang='lat'>·‘</span> <span class='ocrx_word' id='word_1_275' title='bbox 414 4359 467 4420; x_wconf 89' lang='lat' dir='ltr'>tra</span> <span class='ocrx_word' id='word_1_276' title='bbox 490 4355 525 4418; x_wconf 89' lang='lat' dir='ltr'>in</span> <span class='ocrx_word' id='word_1_277' title='bbox 542 4361 653 4419; x_wconf 85' lang='lat' dir='ltr'>vestra</span> <span class='ocrx_word' id='word_1_278' title='bbox 669 4354 842 4419; x_wconf 83' lang='lat' dir='ltr'>voluntate</span> <span class='ocrx_word' id='word_1_279' title='bbox 865 4352 971 4417; x_wconf 79' lang='lat' dir='ltr'>sunt”</span> <span class='ocrx_word' id='word_1_280' title='bbox 1019 4352 1063 4417; x_wconf 88' lang='lat' dir='ltr'>Et</span> <span class='ocrx_word' id='word_1_281' title='bbox 1085 4352 1150 4417; x_wconf 87' lang='lat' dir='ltr'>hiis</span> <span class='ocrx_word' id='word_1_282' title='bbox 1174 4352 1272 4418; x_wconf 86' lang='lat' dir='ltr'>dietis</span> <span class='ocrx_word' id='word_1_283' title='bbox 1295 4359 1421 4441; x_wconf 89' lang='lat' dir='ltr'>marty·</span> 
     </span>
     <span class='ocr_line' id='line_1_35' title="bbox 370 4454 1421 4541; baseline 0.001 -20"><span class='ocrx_word' id='word_1_284' title='bbox 370 4457 560 4523; x_wconf 84' lang='lat' dir='ltr'>rizaverunt</span> <span class='ocrx_word' id='word_1_285' title='bbox 582 4477 657 4521; x_wconf 91' lang='lat' dir='ltr'>eum</span> <span class='ocrx_word' id='word_1_286' title='bbox 685 4455 830 4541; x_wconf 81' lang='lat' dir='ltr'>praecisis</span> <span class='ocrx_word' id='word_1_287' title='bbox 853 4454 1010 4519; x_wconf 89' lang='lat' dir='ltr'>membris</span> <span class='ocrx_word' id='word_1_288' title='bbox 1034 4460 1069 4519; x_wconf 88' lang='lat' dir='ltr'>et</span> <span class='ocrx_word' id='word_1_289' title='bbox 1105 4460 1281 4540; x_wconf 87' lang='lat' dir='ltr'>amputato</span> <span class='ocrx_word' id='word_1_290' title='bbox 1304 4456 1421 4541; x_wconf 76' lang='lat' dir='ltr'>eapite.</span> 
     </span>
     <span class='ocr_line' id='line_1_36' title="bbox 372 4554 1583 4645; baseline -0.003 -19"><span class='ocrx_word' id='word_1_291' title='bbox 372 4557 640 4643; x_wconf 85' lang='lat' dir='ltr'>Corrueruntque</span> <span class='ocrx_word' id='word_1_292' title='bbox 690 4580 764 4624; x_wconf 90' lang='lat' dir='ltr'>cum</span> <span class='ocrx_word' id='word_1_293' title='bbox 812 4580 851 4623; x_wconf 89' lang='lat' dir='ltr'>eo</span> <span class='ocrx_word' id='word_1_294' title='bbox 909 4558 944 4622; x_wconf 92' lang='lat' dir='ltr'>in</span> <span class='ocrx_word' id='word_1_295' title='bbox 996 4558 1125 4625; x_wconf 91' lang='lat' dir='ltr'>modico</span> <span class='ocrx_word' id='word_1_296' title='bbox 1170 4563 1267 4624; x_wconf 75' lang='lat' dir='ltr'>terroe</span> <span class='ocrx_word' id='word_1_297' title='bbox 1313 4561 1422 4645; x_wconf 84' lang='lat' dir='ltr'>spatio</span> <span class='ocrx_word' id='word_1_298' title='bbox 1434 4554 1519 4622; x_wconf 69' lang='lat' dir='ltr'>ruys.</span> <span class='ocrx_word' id='word_1_299' title='bbox 1531 4557 1583 4609; x_wconf 80' lang='lat' dir='ltr'>coi.</span> 
     </span>
    </p>
   </div>
   <div class='ocr_carea' id='block_1_3' title="bbox 370 4626 1509 4748">
    <p class='ocr_par' dir='ltr' id='par_1_3' title="bbox 370 4626 1509 4748">
     <span class='ocr_line' id='line_1_37' title="bbox 370 4626 1509 4748; baseline -0.001 -21"><span class='ocrx_word' id='word_1_300' title='bbox 370 4662 534 4727; x_wconf 83' lang='lat' dir='ltr'>Hemicus</span> <span class='ocrx_word' id='word_1_301' title='bbox 556 4662 797 4748; x_wconf 83' lang='lat' dir='ltr'>primogenitus</span> <span class='ocrx_word' id='word_1_302' title='bbox 812 4660 1071 4746; x_wconf 70' lang='lat' dir='ltr'>ejus,:dominus</span> <span class='ocrx_word' id='word_1_303' title='bbox 1088 4661 1189 4747; x_wconf 85' lang='lat' dir='ltr'>Hugo</span> <span class='ocrx_word' id='word_1_304' title='bbox 1212 4661 1244 4726; x_wconf 89' lang='lat' dir='ltr'>le</span> <span class='ocrx_word' id='word_1_305' title='bbox 1268 4661 1421 4747; x_wconf 83' lang='lat' dir='ltr'>Spenser,</span> <span class='ocrx_word' id='word_1_306' title='bbox 1434 4626 1509 4675; x_wconf 50' lang='grc' dir='ltr'>Μ’</span> 
     </span>
    </p>
   </div>
   <div class='ocr_carea' id='block_1_4' title="bbox 0 0 1818 5783">
    <p class='ocr_par' dir='ltr' id='par_1_4' title="bbox 0 0 1818 5783">
     <span class='ocr_line' id='line_1_38' title="bbox 0 0 1818 5783; baseline 0 0"><span class='ocrx_word' id='word_1_307' title='bbox 0 0 1818 5783; x_wconf 95' lang='lat' dir='ltr'> </span> 
     </span>
    </p>
   </div>
  </div>
 </body>
</html>
