3625 5784
410 828 475 892 294
684 883 688 890 ,
759 837 905 886 nnnsrcr
929 834 1111 885 sammon

413 1022 571 1089 exbibent¹
596 1046 664 1085 cum
686 1046 773 1085 eausa
795 1028 994 1084 amicabiliora
1025 1027 1194 1083 charitatis:
1219 1027 1262 1083 ita
1284 1029 1361 1099 quod
1394 1028 1468 1084 alter

414 1122 501 1178 alteri
524 1120 642 1175 assistat
665 1118 696 1174 in
718 1118 864 1191 prosperis
896 1123 926 1173 ot
959 1135 1018 1172 non
1053 1116 1170 1173 deficiat
1205 1116 1236 1171 in
1270 1117 1409 1183 adversis,
1433 1123 1468 1173 ut

415 1212 520 1267 saltem
559 1214 723 1282 opportuno
756 1207 934 1263 detensionis
979 1206 1107 1262 remedio
1156 1224 1258 1277 paoem
1305 1206 1468 1262 odientium

415 1300 555 1373 repressis
578 1297 733 1353 salubriter
756 1296 906 1367 injuriosis
922 1295 1096 1368 impulsibus
1120 1294 1199 1367 pacis
1221 1300 1329 1367 optatas
1346 1296 1468 1352 dulcedo

416 1390 578 1463 proveniat.
624 1388 661 1442 In
684 1384 766 1455 cujus
797 1376 1037 1457 plenitudiuem²
1060 1384 1156 1440 devoti
1190 1385 1270 1456 pacis
1304 1386 1358 1439 filii
1389 1386 1469 1457 pacis

417 1478 531 1535 auctori
564 1495 599 1532 eo
640 1475 774 1532 devotius
803 1465 883 1546 quo³
921 1474 1109 1546 tranquillius
1141 1475 1329 1531 famulentur.
1392 1476 1469 1530 Sane

417 1569 538 1624 inclitus
561 1566 710 1622 Johannes
732 1583 783 1619 rex
807 1564 914 1620 Scotiae
938 1564 1063 1619 illustris
1086 1562 1219 1634 specialis
1243 1564 1354 1619 amicus
1369 1569 1468 1620 noster

418 1657 582 1731 praemissas
627 1654 771 1709 utilitates
815 1658 846 1708 et
895 1653 1046 1708 commoda
1100 1652 1257 1723 prudenter
1302 1653 1466 1720 attendens,

418 1744 596 1802 venerabiles
630 1749 726 1815 patres
761 1742 942 1798 Willelmum
976 1742 1070 1797 sancti
1104 1742 1230 1797 Andreae
1253 1747 1283 1797 et
1305 1742 1468 1799 Matbseum

419 1823 682 1891 Dunkeldensem⁴
718 1832 877 1905 episcopos,
917 1850 950 1887 ac
983 1831 1144 1887 Johannem
1192 1832 1227 1886 de
1267 1822 1393 1887 Soules⁵
1437 1836 1468 1887 et

419 1912 615 1995 Ingramum⁶
637 1922 673 1977 de
695 1922 858 1978 Umt'rarile
890 1921 1010 1987 milites,
1034 1920 1156 1975 nuncios
1179 1927 1378 1991 procuratores
1402 1937 1468 1975 suos

419 2014 456 2068 ad
478 2014 534 2068 hoe
556 2010 720 2083 specialiter
742 2010 916 2066 constitutos
951 2015 1039 2081 prout
1073 2010 1104 2065 in
1137 2008 1310 2081 quibusdam
1334 2028 1466 2082 procura-

419 2102 502 2157 toriis
526 2101 619 2157 literis
643 2100 710 2155 inde
743 2101 883 2155 confectis
919 2100 1011 2173 ipsius
1045 2100 1122 2171 regis
1156 2098 1255 2170 sigillo
1278 2099 1467 2155 communitis

417 2210 541 2262 quarum
563 2196 678 2245 tenores
701 2190 737 2245 de
759 2190 847 2244 verbo
869 2190 908 2244 ad
930 2190 1053 2245 verbum
1068 2188 1190 2245 inferius
1213 2194 1282 2245 sunt
1297 2188 1465 2261 conscripti,

417 2281 455 2335 ad
491 2298 545 2335 nos
589 2297 642 2351 pro
679 2279 885 2335 contrahendis
923 2276 1216 2335 conloederationibus
1253 2283 1284 2335 et
1328 2279 1466 2335 amicitiae

417 2370 575 2425 foedcribus
619 2386 672 2440 pro
705 2368 811 2423 futuris
849 2368 1015 2440 specialiter
1052 2368 1219 2425 destinavit.
1266 2369 1328 2425 Nos
1365 2370 1464 2440 itaque
1478 2370 1560 2433 Twys.
1574 2368 1621 2418 0⁰1·

417 2458 510 2531 ipsius
531 2456 610 2529 regis
632 2458 708 2513 votis
730 2457 926 2514 laudabilibus
961 2458 993 2512 in
1024 2459 1080 2514 heo
1114 2462 1196 2529 parte
1227 2464 1311 2529 grato
1342 2476 1463 2514 concur·
1477 2439 1550 2487 ²⁴⁷4·

416 2554 513 2603 rentes
549 2546 658 2611 animo,
696 2553 731 2603 ut
774 2547 941 2619 hujusmodi
985 2547 1239 2603 conioederationis
1270 2547 1394 2603 affinitas
1435 2554 1465 2603 et

416 2637 556 2693 amicitiae
579 2638 735 2692 fructuosas
766 2643 932 2692 contractus
953 2654 988 2693 eo
1010 2637 1170 2693 ferventius
1193 2636 1294 2709 vigeat
1317 2637 1463 2693 stabilius-

419 2745 474 2797 que
512 2728 607 2791 duret,
642 2744 700 2797 quo
723 2726 891 2782 melioribus
915 2726 1103 2781 confirmatus
1141 2726 1279 2798 auspiciis
1316 2745 1465 2799 nexusque

419 2816 592 2871 corisuiotus
623 2815 712 2871 luerit
734 2815 846 2880 fortior,
870 2821 980 2881 actum,
1005 2821 1180 2871 conventum
1204 2821 1242 2889 et,
1260 2816 1466 2873 concordatum

417 2904 496 2959 inter
518 2923 571 2960 nos
596 2904 642 2973 (de
664 2905 816 2960 voluntate
846 2910 876 2959 et
898 2922 1017 2959 assensu
1040 2904 1183 2960 carissimi
1216 2906 1349 2976 germani
1371 2907 1464 2961 nostri

417 3000 447 3049 et
479 2994 572 3049 tidelis
606 2993 703 3049 Caroli
734 2992 870 3059 Valesiae,
906 2999 937 3050 et
973 2994 1153 3066 Andagaviae
1188 2994 1313 3060 comitis)
1338 3000 1368 3049 et
1399 3013 1466 3067 pro·

416 3088 563 3139 curatores
586 3082 740 3155 praedictos
763 3084 961 3155 procuratorio
982 3083 1101 3140 nomine
1124 3083 1196 3139 dicti
1218 3082 1297 3155 regis
1313 3084 1465 3152 lobannis,

416 3173 493 3245 quod
531 3173 609 3227 inter
647 3172 822 3228 Edwardum
857 3173 1087 3244 primogenitum
1118 3174 1212 3229 filium
1247 3172 1325 3244 regis
1358 3174 1465 3230 Scotias

418 3263 551 3317 futurum
584 3280 684 3332 regern
709 3262 815 3317 Scotiae
839 3268 868 3317 et
900 3262 952 3334 qui
983 3280 1035 3333 per
1057 3263 1280 3319 conventionem
1303 3280 1464 3335 expressam

415 3350 545 3406 habitam
582 3368 650 3405 cum
693 3352 929 3421 procuratoribus
966 3352 1113 3423 praedictis
1150 3369 1333 3409 successurus
1369 3352 1464 3408 eidem

415 3440 479 3509 regi
504 3440 534 3492 in
557 3457 648 3509 reguo
672 3438 778 3494 Scotiae
813 3444 843 3495 et
874 3440 940 3495 aliis
975 3442 1060 3495 terris
1083 3440 1153 3507 suis,
1177 3448 1206 3497 et
1240 3442 1464 3515 primogenita-m

415 3528 505 3583 filiam
522 3528 653 3597 germani
676 3529 769 3582 nostri
791 3530 926 3599 proedieti
952 3530 1170 3585 matrimonium
1193 3530 1390 3597 contrahatur,
1408 3530 1463 3587 cui

415 3617 480 3687 regi
502 3617 620 3672 nomine
636 3616 708 3672 dicti
730 3616 785 3671 filii
819 3620 865 3672 sui
888 3617 1088 3691 promittimus
1110 3638 1162 3674 nos
1186 3610 1265 3689 [επ]7
1287 3638 1463 3677 successores

414 3696 552 3761 nostros⁸
567 3708 680 3760 futuros
707 3706 776 3761 dare
799 3707 830 3761 in
845 3709 1066 3763 matrimonium
1081 3726 1148 3763 cum
1165 3710 1304 3781 praedicta
1319 3708 1380 3763 filiu
1395 3728 1461 3765 xxv.

413 3793 508 3850 millia
530 3786 720 3850 Tumorum⁹
742 3814 898 3867 parvorum
930 3799 961 3853 iu
996 3798 1118 3870 pecunia
1140 3804 1302 3865 numerata,
1326 3800 1462 3871 idemque

413 3904 463 3941 ron
487 3884 635 3956 praedictas
658 3884 728 3940 filias
750 3885 809 3941 md.
833 3887 922 3941 libras
946 3886 1153 3957 sterlingorum
1176 3888 1267 3943 annui
1282 3885 1414 3943 redditus
1431 3889 1462 3943 in

413 3974 583 4029 dotalicium
599 3992 650 4029 seu
671 3974 858 4029 donatiouem
881 3980 1000 4047 proptor
1030 3978 1148 4049 nuptias
1171 3977 1239 4032 dare
1262 3982 1291 4033 et
1313 3978 1462 4047 assignare

411 4062 566 4119 tenebitur.
599 4063 643 4118 Da
659 4062 765 4135 quibus
787 4064 845 4120 md
869 4065 960 4120 libras
976 4065 1067 4121 annui
1091 4066 1222 4123 redditus
1238 4084 1304 4123 cum
1325 4065 1461 4138 jurisdic-

447 4356 455 4388 1
474 4355 582 4416 exibent,
593 4355 650 4404 MS.
997 4356 1007 4393 ⁷
1025 4358 1102 4407 hom
1116 4359 1146 4407 R.

449 4434 672 4500 tptearadiaem]
692 4434 913 4498 pulcritudinell.
997 4436 1124 4487 ⁸no³trot
1143 4439 1252 4503 saturos
1277 4439 1355 4507 dare]
1392 4458 1464 4492 cura·

447 4516 458 4547 ³
474 4515 536 4579 queo]
557 4516 639 4563 above
651 4512 694 4563 tbe
706 4515 756 4563 line
767 4513 794 4564 in
805 4516 840 4564 A.
964 4522 1032 4563 toros
1044 4522 1069 4564 et
1080 4516 1215 4567 effecturos
1228 4516 1290 4578 dari,
1303 4519 1336 4567 R.

445 4594 457 4626 ⁴
476 4591 674 4651 Danieleasem
686 4592 762 4643 Mss.
997 4592 1008 4625 ⁹
1022 4592 1165 4645 Trimerum
1173 4596 1322 4662 parvorum]
1345 4597 1465 4649 librarum

447 4672 588 4731 esame,
964 4671 1149 4723 'turonensium
1172 4690 1318 4739 parvarum,
1340 4676 1372 4731 R.
1423 4678 1464 4735 (d.

448 4751 459 4792 θ
477 4752 654 4819 landramno,
665 4751 697 4811 It.
965 4752 1032 4811 iutra
1045 4754 1083 4827 (p.
1097 4756 1169 4817 299).
