<?xml version="1.0" encoding="UTF-8"?>
<!DOCTYPE html PUBLIC "-//W3C//DTD XHTML 1.0 Transitional//EN"
    "http://www.w3.org/TR/xhtml1/DTD/xhtml1-transitional.dtd">
<html xmlns="http://www.w3.org/1999/xhtml" xml:lang="en" lang="en">
 <head>
  <title>
</title>
<meta http-equiv="Content-Type" content="text/html;charset=utf-8" />
  <meta name='ocr-system' content='tesseract 3.04.00' />
  <meta name='ocr-capabilities' content='ocr_page ocr_carea ocr_par ocr_line ocrx_word'/>
</head>
<body>
  <div class='ocr_page' id='page_1' title='image "./chroniconhenric00lumbgoog_0201.png"; bbox 0 0 3625 5784; ppageno 0'>
   <div class='ocr_carea' id='block_1_1' title="bbox 399 893 1118 958">
    <p class='ocr_par' dir='ltr' id='par_1_1' title="bbox 399 893 1118 958">
     <span class='ocr_line' id='line_1_1' title="bbox 399 893 1118 958; baseline -0.007 -2"><span class='ocrx_word' id='word_1_1' title='bbox 399 893 463 958; x_wconf 85' lang='lat'>178</span> <span class='ocrx_word' id='word_1_2' title='bbox 764 900 911 952; x_wconf 79' lang='lat' dir='ltr'>naunrcr</span> <span class='ocrx_word' id='word_1_3' title='bbox 934 901 1118 952; x_wconf 78' lang='lat' dir='ltr'>uuranrou</span> 
     </span>
    </p>
   </div>
   <div class='ocr_carea' id='block_1_2' title="bbox 236 1087 1585 4157">
    <p class='ocr_par' dir='ltr' id='par_1_2' title="bbox 236 1087 1585 4157">
     <span class='ocr_line' id='line_1_2' title="bbox 409 1087 1461 1172; baseline 0.002 -19"><span class='ocrx_word' id='word_1_4' title='bbox 409 1096 701 1154; x_wconf 74' lang='lat' dir='ltr'><strong>westmonasterium</strong></span> <span class='ocrx_word' id='word_1_5' title='bbox 735 1098 772 1154; x_wconf 86' lang='lat' dir='ltr'>ab</span> <span class='ocrx_word' id='word_1_6' title='bbox 802 1098 936 1155; x_wconf 86' lang='lat' dir='ltr'>Huberto</span> <span class='ocrx_word' id='word_1_7' title='bbox 959 1097 1176 1160; x_wconf 64' lang='lat' dir='ltr'>cantuariensi,</span> <span class='ocrx_word' id='word_1_8' title='bbox 1196 1087 1351 1172; x_wconf 85' lang='lat' dir='ltr'>episeopo.¹</span> <span class='ocrx_word' id='word_1_9' title='bbox 1398 1098 1461 1169; x_wconf 81' lang='lat' dir='ltr'>Quo</span> 
     </span>
     <span class='ocr_line' id='line_1_3' title="bbox 409 1185 1458 1246; baseline 0.001 -4"><span class='ocrx_word' id='word_1_10' title='bbox 409 1185 457 1242; x_wconf 89' lang='lat' dir='ltr'>die</span> <span class='ocrx_word' id='word_1_11' title='bbox 480 1187 628 1243; x_wconf 86' lang='lat' dir='ltr'>Johannea</span> <span class='ocrx_word' id='word_1_12' title='bbox 651 1206 703 1243; x_wconf 83' lang='lat' dir='ltr'>rex</span> <span class='ocrx_word' id='word_1_13' title='bbox 725 1187 795 1244; x_wconf 84' lang='lat' dir='ltr'>fecit</span> <span class='ocrx_word' id='word_1_14' title='bbox 825 1188 994 1244; x_wconf 84' lang='lat' dir='ltr'>Hubertum</span> <span class='ocrx_word' id='word_1_15' title='bbox 1021 1207 1084 1246; x_wconf 85' lang='lat' dir='ltr'>ease</span> <span class='ocrx_word' id='word_1_16' title='bbox 1123 1206 1210 1244; x_wconf 86' lang='lat' dir='ltr'>snum</span> <span class='ocrx_word' id='word_1_17' title='bbox 1242 1188 1458 1245; x_wconf 73' lang='lat' dir='ltr'>cancellarium.</span> 
     </span>
     <span class='ocr_line' id='line_1_4' title="bbox 409 1274 1459 1351; baseline 0 -19"><span class='ocrx_word' id='word_1_18' title='bbox 409 1274 464 1332; x_wconf 84' lang='lat' dir='ltr'>Oui</span> <span class='ocrx_word' id='word_1_19' title='bbox 487 1276 523 1334; x_wconf 82' lang='lat' dir='ltr'>de</span> <span class='ocrx_word' id='word_1_20' title='bbox 546 1278 601 1333; x_wconf 91' lang='lat' dir='ltr'>hoo</span> <span class='ocrx_word' id='word_1_21' title='bbox 631 1276 725 1334; x_wconf 91' lang='lat' dir='ltr'>officio</span> <span class='ocrx_word' id='word_1_22' title='bbox 747 1276 837 1334; x_wconf 81' lang='lat' dir='ltr'>nimia</span> <span class='ocrx_word' id='word_1_23' title='bbox 871 1278 1057 1350; x_wconf 82' lang='lat' dir='ltr'>postmodnm</span> <span class='ocrx_word' id='word_1_24' title='bbox 1088 1277 1238 1350; x_wconf 77' lang='lat' dir='ltr'>glorianti,</span> <span class='ocrx_word' id='word_1_25' title='bbox 1262 1279 1306 1334; x_wconf 89' lang='lat' dir='ltr'>ait</span> <span class='ocrx_word' id='word_1_26' title='bbox 1328 1278 1459 1351; x_wconf 84' lang='lat' dir='ltr'>quidam,</span> 
     </span>
     <span class='ocr_line' id='line_1_5' title="bbox 408 1365 1459 1439; baseline 0 -18"><span class='ocrx_word' id='word_1_27' title='bbox 408 1366 427 1391; x_wconf 83' lang='lat'>‘¹</span> <span class='ocrx_word' id='word_1_28' title='bbox 452 1365 577 1423; x_wconf 87' lang='lat' dir='ltr'>Domine</span> <span class='ocrx_word' id='word_1_29' title='bbox 592 1383 651 1422; x_wconf 90' lang='lat' dir='ltr'>non</span> <span class='ocrx_word' id='word_1_30' title='bbox 668 1365 785 1423; x_wconf 82' lang='lat' dir='ltr'>deberes</span> <span class='ocrx_word' id='word_1_31' title='bbox 801 1367 922 1438; x_wconf 86' lang='lat' dir='ltr'>gloriari</span> <span class='ocrx_word' id='word_1_32' title='bbox 944 1367 1074 1439; x_wconf 83' lang='lat' dir='ltr'>dejuge</span> <span class='ocrx_word' id='word_1_33' title='bbox 1097 1366 1260 1436; x_wconf 84' lang='lat' dir='ltr'>servitutis,</span> <span class='ocrx_word' id='word_1_34' title='bbox 1291 1367 1459 1424; x_wconf 82' lang='lat' dir='ltr'>audirimus</span> 
     </span>
     <span class='ocr_line' id='line_1_6' title="bbox 407 1455 1462 1530; baseline -0.001 -19"><span class='ocrx_word' id='word_1_35' title='bbox 407 1455 427 1481; x_wconf 82' lang='lat'>‘⁶</span> <span class='ocrx_word' id='word_1_36' title='bbox 451 1455 531 1512; x_wconf 88' lang='lat' dir='ltr'>enim</span> <span class='ocrx_word' id='word_1_37' title='bbox 569 1455 605 1512; x_wconf 87' lang='lat' dir='ltr'>de</span> <span class='ocrx_word' id='word_1_38' title='bbox 644 1455 816 1512; x_wconf 82' lang='lat' dir='ltr'>cancellario</span> <span class='ocrx_word' id='word_1_39' title='bbox 848 1456 1099 1530; x_wconf 86' lang='lat' dir='ltr'>archiepiscopum</span> <span class='ocrx_word' id='word_1_40' title='bbox 1123 1456 1245 1523; x_wconf 86' lang='lat' dir='ltr'>sactum,</span> <span class='ocrx_word' id='word_1_41' title='bbox 1268 1457 1320 1514; x_wconf 88' lang='lat' dir='ltr'>aed</span> <span class='ocrx_word' id='word_1_42' title='bbox 1353 1475 1412 1512; x_wconf 90' lang='lat' dir='ltr'>non</span> <span class='ocrx_word' id='word_1_43' title='bbox 1445 1474 1462 1510; x_wconf 92' lang='lat' dir='ltr'>e</span> 
     </span>
     <span class='ocr_line' id='line_1_7' title="bbox 409 1533 635 1602; baseline 0.009 -2"><span class='ocrx_word' id='word_1_44' title='bbox 409 1544 428 1571; x_wconf 85' lang='lat'>&#39;‘</span> <span class='ocrx_word' id='word_1_45' title='bbox 454 1533 635 1602; x_wconf 65' lang='lat' dir='ltr'>conuerso.”2</span> 
     </span>
     <span class='ocr_line' id='line_1_8' title="bbox 239 1635 1585 1725; baseline -0.003 -21"><span class='ocrx_word' id='word_1_46' title='bbox 239 1640 383 1695; x_wconf 73' lang='lat' dir='ltr'>Amission</span> <span class='ocrx_word' id='word_1_47' title='bbox 455 1636 550 1704; x_wconf 81' lang='lat' dir='ltr'>Rex³</span> <span class='ocrx_word' id='word_1_48' title='bbox 584 1637 703 1704; x_wconf 86' lang='lat' dir='ltr'>Scotiae</span> <span class='ocrx_word' id='word_1_49' title='bbox 738 1638 816 1704; x_wconf 81' lang='lat' dir='ltr'>fecit</span> <span class='ocrx_word' id='word_1_50' title='bbox 849 1638 913 1703; x_wconf 90' lang='lat' dir='ltr'>sibi</span> <span class='ocrx_word' id='word_1_51' title='bbox 945 1637 1143 1725; x_wconf 77' lang='lat' dir='ltr'><strong>homagium.</strong></span> <span class='ocrx_word' id='word_1_52' title='bbox 1190 1637 1343 1705; x_wconf 84' lang='lat' dir='ltr'>Secundo</span> <span class='ocrx_word' id='word_1_53' title='bbox 1374 1658 1462 1703; x_wconf 89' lang='lat' dir='ltr'>anuo</span> <span class='ocrx_word' id='word_1_54' title='bbox 1478 1635 1585 1712; x_wconf 59' lang='lat' dir='ltr'>Leycps·</span> 
     </span>
     <span class='ocr_line' id='line_1_9' title="bbox 240 1709 1576 1843; baseline 0 -41"><span class='ocrx_word' id='word_1_55' title='bbox 240 1709 504 1843; x_wconf 42' lang='lat' dir='ltr'>ffizigftiffercgni</span> <span class='ocrx_word' id='word_1_56' title='bbox 538 1740 590 1804; x_wconf 90' lang='lat' dir='ltr'>sui</span> <span class='ocrx_word' id='word_1_57' title='bbox 624 1740 716 1805; x_wconf 86' lang='lat' dir='ltr'>misit</span> <span class='ocrx_word' id='word_1_58' title='bbox 746 1762 805 1805; x_wconf 85' lang='lat' dir='ltr'>rex</span> <span class='ocrx_word' id='word_1_59' title='bbox 839 1739 1031 1827; x_wconf 86' lang='lat' dir='ltr'>Philippum</span> <span class='ocrx_word' id='word_1_60' title='bbox 1063 1739 1321 1806; x_wconf 88' lang='lat' dir='ltr'>Dunelmcnsem</span> <span class='ocrx_word' id='word_1_61' title='bbox 1344 1739 1463 1826; x_wconf 86' lang='lat' dir='ltr'>episco·</span> <span class='ocrx_word' id='word_1_62' title='bbox 1477 1709 1576 1752; x_wconf 76' lang='lat' dir='ltr'>trenna.</span> 
     </span>
     <span class='ocr_line' id='line_1_10' title="bbox 242 1841 1463 1929; baseline -0.002 -24"><span class='ocrx_word' id='word_1_63' title='bbox 242 1843 325 1896; x_wconf 78' lang='lat' dir='ltr'>Seou.</span> <span class='ocrx_word' id='word_1_64' title='bbox 411 1863 502 1927; x_wconf 93' lang='lat' dir='ltr'>pum,</span> <span class='ocrx_word' id='word_1_65' title='bbox 525 1847 559 1907; x_wconf 88' lang='lat' dir='ltr'>et</span> <span class='ocrx_word' id='word_1_66' title='bbox 590 1841 757 1929; x_wconf 85' lang='lat' dir='ltr'>Roger&#39;um</span> <span class='ocrx_word' id='word_1_67' title='bbox 789 1843 888 1928; x_wconf 86' lang='lat' dir='ltr'>Bigot</span> <span class='ocrx_word' id='word_1_68' title='bbox 920 1864 995 1907; x_wconf 90' lang='lat' dir='ltr'>cum</span> <span class='ocrx_word' id='word_1_69' title='bbox 1029 1843 1135 1907; x_wconf 89' lang='lat' dir='ltr'>literis</span> <span class='ocrx_word' id='word_1_70' title='bbox 1167 1843 1237 1908; x_wconf 86' lang='lat' dir='ltr'>suis</span> <span class='ocrx_word' id='word_1_71' title='bbox 1271 1841 1463 1928; x_wconf 90' lang='lat' dir='ltr'>patentibus</span> 
     </span>
     <span class='ocr_line' id='line_1_11' title="bbox 411 1944 1465 2032; baseline -0.001 -23"><span class='ocrx_word' id='word_1_72' title='bbox 411 1946 452 2009; x_wconf 91' lang='lat' dir='ltr'>de</span> <span class='ocrx_word' id='word_1_73' title='bbox 489 1944 582 2010; x_wconf 82' lang='lat' dir='ltr'>salvo</span> <span class='ocrx_word' id='word_1_74' title='bbox 621 1946 787 2012; x_wconf 90' lang='lat' dir='ltr'>conductu</span> <span class='ocrx_word' id='word_1_75' title='bbox 825 1951 859 2010; x_wconf 88' lang='lat' dir='ltr'>et</span> <span class='ocrx_word' id='word_1_76' title='bbox 896 1947 1007 2011; x_wconf 89' lang='lat' dir='ltr'>reditu</span> <span class='ocrx_word' id='word_1_77' title='bbox 1040 1946 1083 2010; x_wconf 88' lang='lat' dir='ltr'>ad</span> <span class='ocrx_word' id='word_1_78' title='bbox 1114 1945 1318 2011; x_wconf 91' lang='lat' dir='ltr'>Willelmum</span> <span class='ocrx_word' id='word_1_79' title='bbox 1355 1966 1465 2032; x_wconf 88' lang='lat' dir='ltr'>regem</span> 
     </span>
     <span class='ocr_line' id='line_1_12' title="bbox 412 2045 1464 2133; baseline 0 -23"><span class='ocrx_word' id='word_1_80' title='bbox 412 2045 594 2124; x_wconf 86' lang='lat' dir='ltr'>Scotorum,</span> <span class='ocrx_word' id='word_1_81' title='bbox 628 2047 670 2110; x_wconf 89' lang='lat' dir='ltr'>de</span> <span class='ocrx_word' id='word_1_82' title='bbox 703 2047 796 2133; x_wconf 86' lang='lat' dir='ltr'>cujus</span> <span class='ocrx_word' id='word_1_83' title='bbox 828 2045 894 2112; x_wconf 89' lang='lat' dir='ltr'>fide</span> <span class='ocrx_word' id='word_1_84' title='bbox 927 2047 1107 2123; x_wconf 73' lang='lat' dir='ltr'>haesitavit,</span> <span class='ocrx_word' id='word_1_85' title='bbox 1137 2051 1288 2112; x_wconf 89' lang='lat' dir='ltr'>statuens</span> <span class='ocrx_word' id='word_1_86' title='bbox 1311 2047 1342 2112; x_wconf 92' lang='lat' dir='ltr'>ei</span> <span class='ocrx_word' id='word_1_87' title='bbox 1375 2048 1464 2112; x_wconf 88' lang='lat' dir='ltr'>diem</span> 
     </span>
     <span class='ocr_line' id='line_1_13' title="bbox 410 2147 1464 2235; baseline 0.001 -22"><span class='ocrx_word' id='word_1_88' title='bbox 410 2152 536 2213; x_wconf 88' lang='lat' dir='ltr'>certum</span> <span class='ocrx_word' id='word_1_89' title='bbox 569 2151 603 2213; x_wconf 93' lang='lat' dir='ltr'>et</span> <span class='ocrx_word' id='word_1_90' title='bbox 634 2147 750 2226; x_wconf 89' lang='lat' dir='ltr'>locum,</span> <span class='ocrx_word' id='word_1_91' title='bbox 785 2147 874 2235; x_wconf 90' lang='lat' dir='ltr'>apud</span> <span class='ocrx_word' id='word_1_92' title='bbox 909 2148 1124 2234; x_wconf 85' lang='lat' dir='ltr'>Lynoolniam</span> <span class='ocrx_word' id='word_1_93' title='bbox 1155 2148 1280 2216; x_wconf 86' lang='lat' dir='ltr'>scilicet</span> <span class='ocrx_word' id='word_1_94' title='bbox 1313 2150 1350 2213; x_wconf 92' lang='lat' dir='ltr'>in</span> <span class='ocrx_word' id='word_1_95' title='bbox 1381 2170 1464 2216; x_wconf 85' lang='lat' dir='ltr'>cras-</span> 
     </span>
     <span class='ocr_line' id='line_1_14' title="bbox 410 2249 1464 2337; baseline 0 -23"><span class='ocrx_word' id='word_1_96' title='bbox 410 2249 483 2314; x_wconf 90' lang='lat' dir='ltr'>tino</span> <span class='ocrx_word' id='word_1_97' title='bbox 505 2250 611 2315; x_wconf 84' lang='lat' dir='ltr'>sancti</span> <span class='ocrx_word' id='word_1_98' title='bbox 644 2249 814 2314; x_wconf 88' lang='lat' dir='ltr'>Edmundi</span> <span class='ocrx_word' id='word_1_99' title='bbox 851 2251 938 2337; x_wconf 85' lang='lat' dir='ltr'>rogia</span> <span class='ocrx_word' id='word_1_100' title='bbox 968 2255 1002 2316; x_wconf 90' lang='lat' dir='ltr'>ct</span> <span class='ocrx_word' id='word_1_101' title='bbox 1031 2251 1197 2337; x_wconf 86' lang='lat' dir='ltr'>martyris,</span> <span class='ocrx_word' id='word_1_102' title='bbox 1230 2251 1387 2316; x_wconf 85' lang='lat' dir='ltr'>veniendi</span> <span class='ocrx_word' id='word_1_103' title='bbox 1421 2252 1464 2315; x_wconf 87' lang='lat' dir='ltr'>ad</span> 
     </span>
     <span class='ocr_line' id='line_1_15' title="bbox 410 2351 1463 2440; baseline 0.002 -25"><span class='ocrx_word' id='word_1_104' title='bbox 410 2372 445 2415; x_wconf 85' lang='lat' dir='ltr'>ac</span> <span class='ocrx_word' id='word_1_105' title='bbox 478 2356 513 2416; x_wconf 90' lang='lat' dir='ltr'>et</span> <span class='ocrx_word' id='word_1_106' title='bbox 543 2351 735 2440; x_wconf 76' lang='lat' dir='ltr'>homagium</span> <span class='ocrx_word' id='word_1_107' title='bbox 769 2351 915 2417; x_wconf 84' lang='lat' dir='ltr'>faciendi</span> <span class='ocrx_word' id='word_1_108' title='bbox 948 2351 1071 2438; x_wconf 87' lang='lat' dir='ltr'><strong>absque</strong></span> <span class='ocrx_word' id='word_1_109' title='bbox 1109 2353 1200 2418; x_wconf 91' lang='lat' dir='ltr'>omni</span> <span class='ocrx_word' id='word_1_110' title='bbox 1234 2354 1463 2440; x_wconf 79' lang='lat' dir='ltr'>prorogatione</span> 
     </span>
     <span class='ocr_line' id='line_1_16' title="bbox 410 2451 1464 2541; baseline 0.002 -24"><span class='ocrx_word' id='word_1_111' title='bbox 410 2451 465 2518; x_wconf 89' lang='lat' dir='ltr'>vel</span> <span class='ocrx_word' id='word_1_112' title='bbox 487 2453 707 2520; x_wconf 87' lang='lat' dir='ltr'>cavillatione.</span> <span class='ocrx_word' id='word_1_113' title='bbox 754 2453 820 2534; x_wconf 83' lang='lat' dir='ltr'>Qui</span> <span class='ocrx_word' id='word_1_114' title='bbox 851 2460 985 2540; x_wconf 87' lang='lat' dir='ltr'>eccepto</span> <span class='ocrx_word' id='word_1_115' title='bbox 1017 2455 1208 2541; x_wconf 86' lang='lat' dir='ltr'>hujusmodi</span> <span class='ocrx_word' id='word_1_116' title='bbox 1232 2456 1389 2522; x_wconf 89' lang='lat' dir='ltr'>mandato</span> <span class='ocrx_word' id='word_1_117' title='bbox 1420 2456 1464 2520; x_wconf 74' lang='lat' dir='ltr'>m</span> 
     </span>
     <span class='ocr_line' id='line_1_17' title="bbox 411 2556 1463 2644; baseline 0.001 -23"><span class='ocrx_word' id='word_1_118' title='bbox 411 2556 498 2622; x_wconf 89' lang='lat' dir='ltr'>diem</span> <span class='ocrx_word' id='word_1_119' title='bbox 536 2557 728 2644; x_wconf 88' lang='lat' dir='ltr'>properavit</span> <span class='ocrx_word' id='word_1_120' title='bbox 766 2556 920 2637; x_wconf 89' lang='lat' dir='ltr'>eundem,</span> <span class='ocrx_word' id='word_1_121' title='bbox 955 2563 989 2623; x_wconf 89' lang='lat' dir='ltr'>et</span> <span class='ocrx_word' id='word_1_122' title='bbox 1020 2558 1056 2622; x_wconf 92' lang='lat' dir='ltr'>in</span> <span class='ocrx_word' id='word_1_123' title='bbox 1088 2559 1142 2623; x_wconf 92' lang='lat' dir='ltr'>die</span> <span class='ocrx_word' id='word_1_124' title='bbox 1175 2565 1296 2625; x_wconf 85' lang='lat' dir='ltr'>sanctae</span> <span class='ocrx_word' id='word_1_125' title='bbox 1331 2559 1463 2626; x_wconf 84' lang='lat' dir='ltr'>Ceeiliae</span> 
     </span>
     <span class='ocr_line' id='line_1_18' title="bbox 243 2659 1463 2747; baseline -0.002 -18"><span class='ocrx_word' id='word_1_126' title='bbox 243 2660 372 2729; x_wconf 75' lang='lat' dir='ltr'>making</span> <span class='ocrx_word' id='word_1_127' title='bbox 411 2659 560 2746; x_wconf 82' lang='lat' dir='ltr'>virginis,</span> <span class='ocrx_word' id='word_1_128' title='bbox 594 2666 632 2723; x_wconf 60' lang='grc' dir='ltr'>κθ</span> <span class='ocrx_word' id='word_1_129' title='bbox 669 2659 793 2726; x_wconf 86' lang='lat' dir='ltr'>scilicet</span> <span class='ocrx_word' id='word_1_130' title='bbox 825 2659 1043 2727; x_wconf 85' lang='lat' dir='ltr'>kalendarum</span> <span class='ocrx_word' id='word_1_131' title='bbox 1076 2660 1268 2728; x_wconf 80' lang='lat' dir='ltr'>Decembris</span> <span class='ocrx_word' id='word_1_132' title='bbox 1302 2662 1360 2747; x_wconf 91' lang='lat' dir='ltr'>qui</span> <span class='ocrx_word' id='word_1_133' title='bbox 1397 2661 1463 2726; x_wconf 88' lang='lat' dir='ltr'>fuit</span> 
     </span>
     <span class='ocr_line' id='line_1_19' title="bbox 239 2726 1461 2849; baseline 0.001 -23"><span class='ocrx_word' id='word_1_134' title='bbox 239 2726 388 2846; x_wconf 54' lang='lat' dir='ltr'>biiiidoes</span> <span class='ocrx_word' id='word_1_135' title='bbox 414 2762 528 2827; x_wconf 90' lang='lat' dir='ltr'>eodem</span> <span class='ocrx_word' id='word_1_136' title='bbox 551 2783 638 2828; x_wconf 83' lang='lat' dir='ltr'>enno</span> <span class='ocrx_word' id='word_1_137' title='bbox 672 2762 754 2828; x_wconf 82' lang='lat' dir='ltr'>ferie</span> <span class='ocrx_word' id='word_1_138' title='bbox 787 2767 916 2848; x_wconf 81' lang='lat' dir='ltr'>quarta,</span> <span class='ocrx_word' id='word_1_139' title='bbox 948 2785 1048 2849; x_wconf 81' lang='lat' dir='ltr'>supro</span> <span class='ocrx_word' id='word_1_140' title='bbox 1081 2769 1228 2830; x_wconf 89' lang='lat' dir='ltr'>montem</span> <span class='ocrx_word' id='word_1_141' title='bbox 1262 2769 1358 2828; x_wconf 83' lang='lat' dir='ltr'>extra</span> <span class='ocrx_word' id='word_1_142' title='bbox 1379 2762 1461 2828; x_wconf 85' lang='lat' dir='ltr'>civi-</span> 
     </span>
     <span class='ocr_line' id='line_1_20' title="bbox 241 2859 1463 2975; baseline -0.002 -45"><span class='ocrx_word' id='word_1_143' title='bbox 241 2859 388 2975; x_wconf 58' lang='lat' dir='ltr'>gopageto</span> <span class='ocrx_word' id='word_1_144' title='bbox 412 2868 518 2930; x_wconf 84' lang='lat' dir='ltr'>tatem</span> <span class='ocrx_word' id='word_1_145' title='bbox 552 2863 731 2930; x_wconf 83' lang='lat' dir='ltr'>Lincolniae</span> <span class='ocrx_word' id='word_1_146' title='bbox 765 2884 875 2930; x_wconf 84' lang='lat' dir='ltr'>coram</span> <span class='ocrx_word' id='word_1_147' title='bbox 907 2865 1125 2950; x_wconf 79' lang='lat' dir='ltr'>optimatibus</span> <span class='ocrx_word' id='word_1_148' title='bbox 1160 2865 1332 2951; x_wconf 86' lang='lat' dir='ltr'>utriusque</span> <span class='ocrx_word' id='word_1_149' title='bbox 1370 2865 1463 2951; x_wconf 88' lang='lat' dir='ltr'>regni</span> 
     </span>
     <span class='ocr_line' id='line_1_21' title="bbox 262 2943 1463 3055; baseline -0.002 -23"><span class='ocrx_word' id='word_1_150' title='bbox 262 2943 277 2976; x_wconf 90' lang='lat'>⁰</span> <span class='ocrx_word' id='word_1_151' title='bbox 297 2943 322 2978; x_wconf 56' lang='grc' dir='ltr'>η’</span> <span class='ocrx_word' id='word_1_152' title='bbox 412 2971 446 3032; x_wconf 87' lang='lat' dir='ltr'>et</span> <span class='ocrx_word' id='word_1_153' title='bbox 469 2967 560 3032; x_wconf 90' lang='lat' dir='ltr'>omni</span> <span class='ocrx_word' id='word_1_154' title='bbox 575 2967 704 3053; x_wconf 88' lang='lat' dir='ltr'>populo,</span> <span class='ocrx_word' id='word_1_155' title='bbox 720 2965 797 3033; x_wconf 78' lang='lat' dir='ltr'>fecii</span> <span class='ocrx_word' id='word_1_156' title='bbox 813 2967 884 3053; x_wconf 85' lang='lat' dir='ltr'>regi</span> <span class='ocrx_word' id='word_1_157' title='bbox 900 2966 1046 3032; x_wconf 68' lang='lat' dir='ltr'>«Iohanni</span> <span class='ocrx_word' id='word_1_158' title='bbox 1064 2967 1257 3055; x_wconf 85' lang='lat' dir='ltr'>homagium</span> <span class='ocrx_word' id='word_1_159' title='bbox 1272 2967 1463 3044; x_wconf 82' lang='lat' dir='ltr'>solenniter,</span> 
     </span>
     <span class='ocr_line' id='line_1_22' title="bbox 411 3065 1464 3155; baseline -0.001 -23"><span class='ocrx_word' id='word_1_160' title='bbox 411 3069 607 3134; x_wconf 77' lang='lat' dir='ltr'>fidelitatem</span> <span class='ocrx_word' id='word_1_161' title='bbox 625 3067 756 3154; x_wconf 88' lang='lat' dir='ltr'>juravit</span> <span class='ocrx_word' id='word_1_162' title='bbox 771 3089 870 3155; x_wconf 87' lang='lat' dir='ltr'>super</span> <span class='ocrx_word' id='word_1_163' title='bbox 885 3091 1014 3136; x_wconf 90' lang='lat' dir='ltr'>crucem</span> <span class='ocrx_word' id='word_1_164' title='bbox 1038 3069 1184 3134; x_wconf 89' lang='lat' dir='ltr'>Huberti</span> <span class='ocrx_word' id='word_1_165' title='bbox 1210 3065 1464 3135; x_wconf 77' lang='lat' dir='ltr'>cantuariensis</span> 
     </span>
     <span class='ocr_line' id='line_1_23' title="bbox 409 3171 1463 3259; baseline 0 -21"><span class='ocrx_word' id='word_1_166' title='bbox 409 3173 653 3259; x_wconf 85' lang='lat' dir='ltr'>archiepiscopi,</span> <span class='ocrx_word' id='word_1_167' title='bbox 685 3177 720 3237; x_wconf 89' lang='lat' dir='ltr'>et</span> <span class='ocrx_word' id='word_1_168' title='bbox 754 3171 795 3238; x_wconf 90' lang='lat' dir='ltr'>de</span> <span class='ocrx_word' id='word_1_169' title='bbox 828 3194 907 3258; x_wconf 91' lang='lat' dir='ltr'>pace</span> <span class='ocrx_word' id='word_1_170' title='bbox 941 3173 1167 3239; x_wconf 85' lang='lat' dir='ltr'>conservanda</span> <span class='ocrx_word' id='word_1_171' title='bbox 1198 3172 1261 3237; x_wconf 86' lang='lat' dir='ltr'>sibi</span> <span class='ocrx_word' id='word_1_172' title='bbox 1296 3178 1331 3236; x_wconf 93' lang='lat' dir='ltr'>et</span> <span class='ocrx_word' id='word_1_173' title='bbox 1361 3194 1463 3258; x_wconf 86' lang='lat' dir='ltr'>regno</span> 
     </span>
     <span class='ocr_line' id='line_1_24' title="bbox 409 3274 1464 3361; baseline 0.003 -23"><span class='ocrx_word' id='word_1_174' title='bbox 409 3295 477 3340; x_wconf 90' lang='lat' dir='ltr'>suo.</span> <span class='ocrx_word' id='word_1_175' title='bbox 525 3274 653 3355; x_wconf 83' lang='lat' dir='ltr'>Quibus</span> <span class='ocrx_word' id='word_1_176' title='bbox 676 3274 818 3361; x_wconf 88' lang='lat' dir='ltr'>peractis</span> <span class='ocrx_word' id='word_1_177' title='bbox 855 3275 891 3338; x_wconf 93' lang='lat' dir='ltr'>in</span> <span class='ocrx_word' id='word_1_178' title='bbox 927 3275 1053 3340; x_wconf 89' lang='lat' dir='ltr'>solenni</span> <span class='ocrx_word' id='word_1_179' title='bbox 1088 3275 1242 3341; x_wconf 85' lang='lat' dir='ltr'>convivio</span> <span class='ocrx_word' id='word_1_180' title='bbox 1268 3279 1464 3360; x_wconf 86' lang='lat' dir='ltr'>receperunt</span> 
     </span>
     <span class='ocr_line' id='line_1_25' title="bbox 237 3361 1463 3479; baseline -0.002 -38"><span class='ocrx_word' id='word_1_181' title='bbox 237 3361 374 3479; x_wconf 54' lang='grc' dir='ltr'>ξῗζξῖθῖ</span> <span class='ocrx_word' id='word_1_182' title='bbox 408 3398 452 3453; x_wconf 88' lang='lat' dir='ltr'>se,</span> <span class='ocrx_word' id='word_1_183' title='bbox 475 3380 509 3441; x_wconf 89' lang='lat' dir='ltr'>et</span> <span class='ocrx_word' id='word_1_184' title='bbox 532 3376 665 3442; x_wconf 81' lang='lat' dir='ltr'>laetatus</span> <span class='ocrx_word' id='word_1_185' title='bbox 702 3381 752 3440; x_wconf 85' lang='lat' dir='ltr'>eat</span> <span class='ocrx_word' id='word_1_186' title='bbox 787 3380 927 3460; x_wconf 90' lang='lat' dir='ltr'>uterque</span> <span class='ocrx_word' id='word_1_187' title='bbox 958 3375 1100 3461; x_wconf 89' lang='lat' dir='ltr'>populus</span> <span class='ocrx_word' id='word_1_188' title='bbox 1132 3377 1254 3462; x_wconf 89' lang='lat' dir='ltr'>gaudio</span> <span class='ocrx_word' id='word_1_189' title='bbox 1277 3397 1405 3462; x_wconf 83' lang='lat' dir='ltr'>magno,</span> <span class='ocrx_word' id='word_1_190' title='bbox 1428 3381 1463 3440; x_wconf 92' lang='lat' dir='ltr'>et</span> 
     </span>
     <span class='ocr_line' id='line_1_26' title="bbox 238 3475 1462 3563; baseline 0 -23"><span class='ocrx_word' id='word_1_191' title='bbox 238 3493 306 3544; x_wconf 71' lang='lat' dir='ltr'>land.</span> <span class='ocrx_word' id='word_1_192' title='bbox 408 3480 484 3563; x_wconf 85' lang='lat' dir='ltr'>post</span> <span class='ocrx_word' id='word_1_193' title='bbox 506 3477 576 3542; x_wconf 89' lang='lat' dir='ltr'>dies</span> <span class='ocrx_word' id='word_1_194' title='bbox 608 3475 736 3562; x_wconf 89' lang='lat' dir='ltr'>aliquot</span> <span class='ocrx_word' id='word_1_195' title='bbox 770 3475 927 3541; x_wconf 79' lang='lat' dir='ltr'>dimissus</span> <span class='ocrx_word' id='word_1_196' title='bbox 959 3483 1009 3542; x_wconf 88' lang='lat' dir='ltr'>est</span> <span class='ocrx_word' id='word_1_197' title='bbox 1042 3477 1078 3541; x_wconf 90' lang='lat' dir='ltr'>in</span> <span class='ocrx_word' id='word_1_198' title='bbox 1109 3481 1230 3542; x_wconf 78' lang='lat' dir='ltr'>temam</span> <span class='ocrx_word' id='word_1_199' title='bbox 1261 3498 1355 3543; x_wconf 85' lang='lat' dir='ltr'>suam</span> <span class='ocrx_word' id='word_1_200' title='bbox 1385 3497 1462 3542; x_wconf 92' lang='lat' dir='ltr'>cum</span> 
     </span>
     <span class='ocr_line' id='line_1_27' title="bbox 408 3577 1461 3645; baseline 0 -3"><span class='ocrx_word' id='word_1_201' title='bbox 408 3578 533 3644; x_wconf 90' lang='lat' dir='ltr'>honore</span> <span class='ocrx_word' id='word_1_202' title='bbox 572 3578 742 3644; x_wconf 83' lang='lat' dir='ltr'>immenso.</span> <span class='ocrx_word' id='word_1_203' title='bbox 788 3579 875 3644; x_wconf 89' lang='lat' dir='ltr'>Acta</span> <span class='ocrx_word' id='word_1_204' title='bbox 912 3583 993 3642; x_wconf 85' lang='lat' dir='ltr'>sunt</span> <span class='ocrx_word' id='word_1_205' title='bbox 1028 3579 1101 3645; x_wconf 89' lang='lat' dir='ltr'>haec</span> <span class='ocrx_word' id='word_1_206' title='bbox 1140 3579 1177 3644; x_wconf 89' lang='lat' dir='ltr'>in</span> <span class='ocrx_word' id='word_1_207' title='bbox 1207 3600 1294 3643; x_wconf 92' lang='lat' dir='ltr'>auno</span> <span class='ocrx_word' id='word_1_208' title='bbox 1324 3577 1461 3643; x_wconf 89' lang='lat' dir='ltr'>Domini</span> 
     </span>
     <span class='ocr_line' id='line_1_28' title="bbox 238 3664 1454 3766; baseline 0 -22"><span class='ocrx_word' id='word_1_209' title='bbox 238 3664 308 3716; x_wconf 69' lang='lat' dir='ltr'>Au).</span> <span class='ocrx_word' id='word_1_210' title='bbox 323 3671 394 3719; x_wconf 68' lang='lat'>¹²⁰0&#39;</span> <span class='ocrx_word' id='word_1_211' title='bbox 407 3695 485 3746; x_wconf 81' lang='lat' dir='ltr'>Meo.</span> <span class='ocrx_word' id='word_1_212' title='bbox 509 3679 563 3746; x_wconf 89' lang='lat' dir='ltr'>die</span> <span class='ocrx_word' id='word_1_213' title='bbox 587 3701 652 3765; x_wconf 93' lang='lat' dir='ltr'>quo</span> <span class='ocrx_word' id='word_1_214' title='bbox 675 3699 795 3766; x_wconf 84' lang='lat' dir='ltr'>supra3</span> <span class='ocrx_word' id='word_1_215' title='bbox 818 3700 878 3744; x_wconf 86' lang='lat' dir='ltr'>rex</span> <span class='ocrx_word' id='word_1_216' title='bbox 900 3701 980 3745; x_wconf 86' lang='lat' dir='ltr'>vero</span> <span class='ocrx_word' id='word_1_217' title='bbox 1002 3679 1174 3745; x_wconf 63' lang='lat' dir='ltr'>«Iohannes</span> <span class='ocrx_word' id='word_1_218' title='bbox 1196 3679 1233 3743; x_wconf 93' lang='lat' dir='ltr'>in</span> <span class='ocrx_word' id='word_1_219' title='bbox 1266 3681 1454 3766; x_wconf 86' lang='lat' dir='ltr'>superbiam</span> 
     </span>
     <span class='ocr_line' id='line_1_29' title="bbox 238 3782 1461 3869; baseline 0.003 -25"><span class='ocrx_word' id='word_1_220' title='bbox 238 3795 376 3848; x_wconf 66' lang='lat' dir='ltr'>runcano</span> <span class='ocrx_word' id='word_1_221' title='bbox 408 3789 534 3850; x_wconf 85' lang='lat' dir='ltr'>erectus</span> <span class='ocrx_word' id='word_1_222' title='bbox 551 3788 585 3848; x_wconf 92' lang='lat' dir='ltr'>et</span> <span class='ocrx_word' id='word_1_223' title='bbox 608 3782 780 3848; x_wconf 90' lang='lat' dir='ltr'>mentem⁴</span> <span class='ocrx_word' id='word_1_224' title='bbox 795 3783 880 3869; x_wconf 84' lang='lat' dir='ltr'>regis</span> <span class='ocrx_word' id='word_1_225' title='bbox 904 3803 1028 3848; x_wconf 83' lang='lat' dir='ltr'>exuens</span> <span class='ocrx_word' id='word_1_226' title='bbox 1042 3783 1191 3848; x_wconf 89' lang='lat' dir='ltr'>animum</span> <span class='ocrx_word' id='word_1_227' title='bbox 1214 3784 1318 3848; x_wconf 86' lang='lat' dir='ltr'>leonis</span> <span class='ocrx_word' id='word_1_228' title='bbox 1340 3783 1461 3862; x_wconf 90' lang='lat' dir='ltr'>induit,</span> 
     </span>
     <span class='ocr_line' id='line_1_30' title="bbox 236 3863 1460 3994; baseline -0.002 -42"><span class='ocrx_word' id='word_1_229' title='bbox 236 3863 386 3994; x_wconf 42' lang='lat' dir='ltr'>fflggfffi·</span> <span class='ocrx_word' id='word_1_230' title='bbox 408 3886 563 3952; x_wconf 84' lang='lat' dir='ltr'>sectando</span> <span class='ocrx_word' id='word_1_231' title='bbox 594 3885 776 3966; x_wconf 85' lang='lat' dir='ltr'>luxuriam,</span> <span class='ocrx_word' id='word_1_232' title='bbox 815 3885 992 3952; x_wconf 86' lang='lat' dir='ltr'>avaritiam</span> <span class='ocrx_word' id='word_1_233' title='bbox 1031 3892 1065 3952; x_wconf 91' lang='lat' dir='ltr'>et</span> <span class='ocrx_word' id='word_1_234' title='bbox 1102 3907 1233 3953; x_wconf 90' lang='lat' dir='ltr'>omnem</span> <span class='ocrx_word' id='word_1_235' title='bbox 1270 3885 1373 3951; x_wconf 85' lang='lat' dir='ltr'>animi</span> <span class='ocrx_word' id='word_1_236' title='bbox 1408 3887 1460 3950; x_wconf 82' lang='lat' dir='ltr'>sui</span> 
     </span>
     <span class='ocr_line' id='line_1_31' title="bbox 407 3987 622 4074; baseline -0.009 -20"><span class='ocrx_word' id='word_1_237' title='bbox 407 3987 622 4074; x_wconf 82' lang='lat' dir='ltr'>voluptatem.</span> 
     </span>
     <span class='ocr_line' id='line_1_32' title="bbox 237 4089 1453 4157; baseline 0.002 -5"><span class='ocrx_word' id='word_1_238' title='bbox 237 4102 308 4153; x_wconf 68' lang='lat' dir='ltr'>nl).</span> <span class='ocrx_word' id='word_1_239' title='bbox 322 4107 393 4155; x_wconf 79' lang='lat'>1205.</span> <span class='ocrx_word' id='word_1_240' title='bbox 450 4091 570 4157; x_wconf 79' lang='lat' dir='ltr'>Anno⁵</span> <span class='ocrx_word' id='word_1_241' title='bbox 593 4091 729 4156; x_wconf 89' lang='lat' dir='ltr'>Domini</span> <span class='ocrx_word' id='word_1_242' title='bbox 752 4105 854 4155; x_wconf 73' lang='lat' dir='ltr'>alnov.</span> <span class='ocrx_word' id='word_1_243' title='bbox 878 4090 962 4155; x_wconf 90' lang='lat' dir='ltr'>obiit</span> <span class='ocrx_word' id='word_1_244' title='bbox 996 4089 1169 4155; x_wconf 85' lang='lat' dir='ltr'>Hubertua</span> <span class='ocrx_word' id='word_1_245' title='bbox 1202 4089 1453 4156; x_wconf 73' lang='lat' dir='ltr'>cantuariensis</span> 
     </span>
    </p>
   </div>
   <div class='ocr_carea' id='block_1_3' title="bbox 235 4189 1459 4323">
    <p class='ocr_par' dir='ltr' id='par_1_3' title="bbox 235 4189 1459 4323">
     <span class='ocr_line' id='line_1_33' title="bbox 235 4189 1459 4323; baseline 0.002 -67"><span class='ocrx_word' id='word_1_246' title='bbox 235 4189 361 4323; x_wconf 46' lang='lat' dir='ltr'>fimf</span> <span class='ocrx_word' id='word_1_247' title='bbox 407 4193 669 4281; x_wconf 78' lang='lat' dir='ltr'>archiepiscopus</span> <span class='ocrx_word' id='word_1_248' title='bbox 683 4197 760 4280; x_wconf 88' lang='lat' dir='ltr'>post</span> <span class='ocrx_word' id='word_1_249' title='bbox 775 4192 869 4278; x_wconf 85' lang='lat' dir='ltr'>cujus</span> <span class='ocrx_word' id='word_1_250' title='bbox 884 4197 1024 4257; x_wconf 86' lang='lat' dir='ltr'>mortem</span> <span class='ocrx_word' id='word_1_251' title='bbox 1040 4192 1192 4259; x_wconf 87' lang='lat' dir='ltr'>monaehi</span> <span class='ocrx_word' id='word_1_252' title='bbox 1204 4192 1459 4258; x_wconf 67' lang='lat' dir='ltr'>cantuarienses</span> 
     </span>
    </p>
   </div>
   <div class='ocr_carea' id='block_1_4' title="bbox 402 4443 1459 4899">
    <p class='ocr_par' dir='ltr' id='par_1_4' title="bbox 402 4443 1459 4899">
     <span class='ocr_line' id='line_1_34' title="bbox 436 4443 1392 4516; baseline -0.005 -16"><span class='ocrx_word' id='word_1_253' title='bbox 436 4452 445 4485; x_wconf 87' lang='lat'>¹</span> <span class='ocrx_word' id='word_1_254' title='bbox 463 4449 590 4516; x_wconf 78' lang='lat' dir='ltr'>episcopo]</span> <span class='ocrx_word' id='word_1_255' title='bbox 611 4463 662 4499; x_wconf 92' lang='lat' dir='ltr'>om.</span> <span class='ocrx_word' id='word_1_256' title='bbox 675 4445 753 4514; x_wconf 81' lang='lat' dir='ltr'>Higd.</span> <span class='ocrx_word' id='word_1_257' title='bbox 989 4445 1000 4477; x_wconf 90' lang='lat'><strong>⁴</strong></span> <span class='ocrx_word' id='word_1_258' title='bbox 1017 4451 1128 4506; x_wconf 76' lang='lat' dir='ltr'>meatem,</span> <span class='ocrx_word' id='word_1_259' title='bbox 1139 4443 1192 4506; x_wconf 85' lang='lat' dir='ltr'>A.;</span> <span class='ocrx_word' id='word_1_260' title='bbox 1210 4450 1321 4507; x_wconf 61' lang='lat' dir='ltr'>mentm</span> <span class='ocrx_word' id='word_1_261' title='bbox 1333 4443 1392 4497; x_wconf 82' lang='lat' dir='ltr'>MS.</span> 
     </span>
     <span class='ocr_line' id='line_1_35' title="bbox 436 4523 1459 4594; baseline -0.005 -14"><span class='ocrx_word' id='word_1_262' title='bbox 436 4529 597 4594; x_wconf 69' lang='lat' dir='ltr'>²ecmsersc]</span> <span class='ocrx_word' id='word_1_263' title='bbox 615 4529 748 4587; x_wconf 80' lang='lat' dir='ltr'>contrario,</span> <span class='ocrx_word' id='word_1_264' title='bbox 760 4524 838 4593; x_wconf 86' lang='lat' dir='ltr'>Higd.</span> <span class='ocrx_word' id='word_1_265' title='bbox 989 4525 1048 4576; x_wconf 76' lang='lat' dir='ltr'>‘In</span> <span class='ocrx_word' id='word_1_266' title='bbox 1065 4525 1123 4576; x_wconf 84' lang='lat' dir='ltr'>MS.</span> <span class='ocrx_word' id='word_1_267' title='bbox 1144 4526 1186 4576; x_wconf 86' lang='lat' dir='ltr'>the</span> <span class='ocrx_word' id='word_1_268' title='bbox 1204 4525 1231 4574; x_wconf 78' lang='lat' dir='ltr'>A</span> <span class='ocrx_word' id='word_1_269' title='bbox 1250 4523 1273 4574; x_wconf 87' lang='lat' dir='ltr'>is</span> <span class='ocrx_word' id='word_1_270' title='bbox 1293 4523 1459 4586; x_wconf 80' lang='lat' dir='ltr'>illuminated,</span> 
     </span>
     <span class='ocr_line' id='line_1_36' title="bbox 434 4605 1459 4673; baseline -0.004 -13"><span class='ocrx_word' id='word_1_271' title='bbox 434 4611 547 4660; x_wconf 70' lang='lat' dir='ltr'>³Rea.</span> <span class='ocrx_word' id='word_1_272' title='bbox 573 4645 579 4658; x_wconf 95' lang='lat'>.</span> <span class='ocrx_word' id='word_1_273' title='bbox 606 4605 793 4673; x_wconf 53' lang='lat' dir='ltr'>,honmptumfl</span> <span class='ocrx_word' id='word_1_274' title='bbox 822 4606 905 4657; x_wconf 76' lang='lat' dir='ltr'>These</span> <span class='ocrx_word' id='word_1_275' title='bbox 955 4610 1001 4658; x_wconf 87' lang='lat' dir='ltr'>bnt</span> <span class='ocrx_word' id='word_1_276' title='bbox 1019 4607 1090 4657; x_wconf 85' lang='lat' dir='ltr'>there</span> <span class='ocrx_word' id='word_1_277' title='bbox 1111 4621 1154 4657; x_wconf 83' lang='lat' dir='ltr'>are</span> <span class='ocrx_word' id='word_1_278' title='bbox 1174 4606 1304 4657; x_wconf 84' lang='lat' dir='ltr'>nowords</span> <span class='ocrx_word' id='word_1_279' title='bbox 1322 4605 1349 4655; x_wconf 90' lang='lat' dir='ltr'>in</span> <span class='ocrx_word' id='word_1_280' title='bbox 1369 4607 1459 4657; x_wconf 88' lang='lat' dir='ltr'>bolder</span> 
     </span>
     <span class='ocr_line' id='line_1_37' title="bbox 402 4683 1459 4755; baseline -0.006 -13"><span class='ocrx_word' id='word_1_281' title='bbox 402 4693 492 4750; x_wconf 82' lang='lat' dir='ltr'>worda,</span> <span class='ocrx_word' id='word_1_282' title='bbox 502 4689 600 4755; x_wconf 78' lang='lat' dir='ltr'>though</span> <span class='ocrx_word' id='word_1_283' title='bbox 618 4687 727 4753; x_wconf 83' lang='lat' dir='ltr'>loolring</span> <span class='ocrx_word' id='word_1_284' title='bbox 746 4685 825 4737; x_wconf 84' lang='lat' dir='ltr'>likea</span> <span class='ocrx_word' id='word_1_285' title='bbox 840 4701 906 4736; x_wconf 88' lang='lat' dir='ltr'>mar·</span> <span class='ocrx_word' id='word_1_286' title='bbox 956 4687 1052 4736; x_wconf 81' lang='lat' dir='ltr'>letters.</span> <span class='ocrx_word' id='word_1_287' title='bbox 1085 4685 1112 4736; x_wconf 87' lang='lat' dir='ltr'>1t</span> <span class='ocrx_word' id='word_1_288' title='bbox 1133 4685 1180 4736; x_wconf 83' lang='lat' dir='ltr'>lma</span> <span class='ocrx_word' id='word_1_289' title='bbox 1203 4686 1259 4735; x_wconf 82' lang='lat' dir='ltr'>aleo</span> <span class='ocrx_word' id='word_1_290' title='bbox 1281 4686 1346 4735; x_wconf 87' lang='lat' dir='ltr'>been</span> <span class='ocrx_word' id='word_1_291' title='bbox 1368 4683 1459 4736; x_wconf 89' lang='lat' dir='ltr'>illumi·</span> 
     </span>
     <span class='ocr_line' id='line_1_38' title="bbox 402 4761 1382 4837; baseline -0.005 -17"><span class='ocrx_word' id='word_1_292' title='bbox 402 4767 473 4837; x_wconf 77' lang='lat' dir='ltr'>glnal</span> <span class='ocrx_word' id='word_1_293' title='bbox 485 4775 552 4828; x_wconf 80' lang='lat' dir='ltr'>note,</span> <span class='ocrx_word' id='word_1_294' title='bbox 563 4779 606 4816; x_wconf 74' lang='lat' dir='ltr'>erc</span> <span class='ocrx_word' id='word_1_295' title='bbox 624 4761 806 4828; x_wconf 82' lang='lat' dir='ltr'>incorporated</span> <span class='ocrx_word' id='word_1_296' title='bbox 817 4763 844 4814; x_wconf 90' lang='lat' dir='ltr'>in</span> <span class='ocrx_word' id='word_1_297' title='bbox 863 4761 907 4812; x_wconf 76' lang='lat' dir='ltr'>the</span> <span class='ocrx_word' id='word_1_298' title='bbox 956 4764 1034 4816; x_wconf 85' lang='lat' dir='ltr'>nated</span> <span class='ocrx_word' id='word_1_299' title='bbox 1044 4764 1071 4815; x_wconf 89' lang='lat' dir='ltr'>in</span> <span class='ocrx_word' id='word_1_300' title='bbox 1083 4765 1129 4828; x_wconf 76' lang='lat' dir='ltr'>A,</span> <span class='ocrx_word' id='word_1_301' title='bbox 1138 4765 1184 4815; x_wconf 89' lang='lat' dir='ltr'>but</span> <span class='ocrx_word' id='word_1_302' title='bbox 1195 4763 1218 4815; x_wconf 85' lang='lat' dir='ltr'>is</span> <span class='ocrx_word' id='word_1_303' title='bbox 1229 4765 1318 4816; x_wconf 73' lang='lat' dir='ltr'>ceored</span> <span class='ocrx_word' id='word_1_304' title='bbox 1328 4771 1382 4816; x_wconf 85' lang='lat' dir='ltr'>ont.</span> 
     </span>
     <span class='ocr_line' id='line_1_39' title="bbox 402 4844 658 4899; baseline -0.016 -1"><span class='ocrx_word' id='word_1_305' title='bbox 402 4853 459 4898; x_wconf 81' lang='lat' dir='ltr'>text</span> <span class='ocrx_word' id='word_1_306' title='bbox 469 4844 500 4898; x_wconf 84' lang='lat' dir='ltr'>of</span> <span class='ocrx_word' id='word_1_307' title='bbox 508 4844 571 4896; x_wconf 80' lang='lat' dir='ltr'>both</span> <span class='ocrx_word' id='word_1_308' title='bbox 582 4845 658 4899; x_wconf 78' lang='lat' dir='ltr'>MSS.</span> 
     </span>
    </p>
   </div>
   <div class='ocr_carea' id='block_1_5' title="bbox 0 0 1818 5784">
    <p class='ocr_par' dir='ltr' id='par_1_5' title="bbox 0 0 1818 5784">
     <span class='ocr_line' id='line_1_40' title="bbox 0 0 1818 5784; baseline 0 2"><span class='ocrx_word' id='word_1_309' title='bbox 0 0 1818 5784; x_wconf 95' lang='lat' dir='ltr'> </span> 
     </span>
    </p>
   </div>
  </div>
 </body>
</html>
