3625 5784
599 934 868 987 nareasmnnsm
890 933 1100 987 onnosroor.
1305 920 1371 987 les

320 1119 456 1189 fuerant
489 1143 549 1214 per
581 1123 706 1189 bonum
743 1124 947 1191 Edwardum
979 1124 1087 1189 filium
1118 1120 1203 1211 regis
1235 1121 1372 1189 Henriei

319 1243 424 1309 nsque
447 1224 491 1289 ad
513 1246 658 1312 presens
681 1232 822 1315 tempus,
837 1247 977 1315 regnum
992 1225 1112 1293 Seotiae
1135 1223 1237 1291 libere
1259 1228 1372 1291 tenere

319 1325 445 1412 absque
467 1328 559 1392 omni
581 1329 754 1394 exactione
778 1329 832 1394 vel
853 1327 1029 1394 demanda.

363 1428 463 1493 Anno
493 1429 612 1516 gratiae
635 1446 856 1495 mcccxxvnl.
878 1452 967 1495 anno
990 1428 1084 1517 regni
1107 1428 1194 1517 regis
1215 1427 1453 1494 Edwndiev.
1468 1436 1540 1485 1³2⁸·

319 1530 413 1596 tertii
429 1531 573 1597 seeundo
587 1532 678 1618 apud
692 1532 919 1597 Bedfonliam¹
935 1530 1092 1598 rotunda²
1109 1531 1225 1597 tabula
1239 1536 1374 1598 tenetur

318 1653 379 1718 per
399 1632 568 1722 Rogermn
598 1634 640 1699 de
663 1634 797 1701 Mmtuo
828 1635 921 1715 mari
968 1633 1092 1699 Eodem
1122 1654 1210 1699 enno
1237 1638 1505 1699 ereasusaround

320 1737 371 1799 est
393 1756 500 1801 novus
518 1734 634 1822 papa³
648 1736 739 1823 apud
757 1736 916 1814 ’Romam
939 1735 1122 1801 Nieholaus
1146 1736 1288 1813 nomine,
1314 1756 1374 1824 per
1385 1705 1540 1823 fffflffi·

318 1835 436 1902 duoem
458 1834 612 1903 Bava'riae
627 1838 685 1924 qui
705 1860 741 1903 se
763 1837 845 1903 feeit
869 1838 1103 1924 imperatorem
1117 1842 1234 1903 contra
1255 1837 1373 1903 volun-

320 1941 425 2003 tatem
440 1960 534 2025 papae
549 1939 714 2006 Johannis
731 1934 826 2025 ¹apud
840 1939 1044 2004 Avinoniam
1058 1939 1270 2005 demorantis.
1304 1938 1373 2005 Iste

318 2038 490 2105 Johannes
522 2063 609 2128 papa
647 2040 925 2107 exeommunieari
956 2040 1035 2107 feeit
1072 2041 1304 2127 imperatorem
1340 2046 1375 2107 et

318 2141 422 2206 alium
444 2163 565 2229 papam
587 2164 648 2227 per
669 2146 775 2208 totam
797 2141 1092 2209 christianitatem.
1139 2142 1263 2208 Eodem
1286 2164 1374 2208 anno

318 2248 436 2328 eaptus
458 2248 510 2308 est
531 2244 685 2309 dominus
707 2243 874 2308 Robertus
896 2243 938 2308 de
961 2242 1114 2308 Holande
1129 2244 1165 2308 in
1187 2265 1255 2310 uno
1277 2244 1375 2311 bosco

319 2344 405 2408 citra
428 2344 622 2409 Londonias.
670 2343 743 2410 Iste
762 2345 929 2410 Robertns
950 2350 1077 2410 erectus
1094 2350 1144 2409 est
1166 2345 1208 2409 de
1231 2366 1375 2433 paupere
1388 2359 1500 2425 capture
1508 2358 1538 2408 ol

320 2445 428 2511 milite
450 2446 486 2509 in
508 2445 683 2511 sublimem
706 2451 741 2511 et
770 2445 910 2511 divitem
939 2445 1097 2511 baronem
1130 2467 1190 2531 per
1222 2448 1376 2512 comitem
1388 2426 1536 2542 {2}ssan

320 2546 520 2613 lancastrie
550 2547 719 2612 Thomam.
765 2546 839 2612 Εο4
872 2552 1020 2633 tempore
1052 2568 1118 2633 quo
1139 2547 1303 2613 discordia
1326 2549 1376 2613 in·

151 2652 293 2718 Tvys-wl·
321 2649 428 2714 erevit
465 2649 555 2714 inter
591 2649 763 2714 dominum
808 2669 906 2713 suum
948 2648 1101 2714 comitem
1139 2648 1300 2714 Thomam
1342 2654 1377 2715 et

151 2723 225 2770 2564.

322 2772 444 2839 regem,
477 2750 548 2837 ipse
570 2748 760 2815 Robertus⁶
782 2748 937 2815 Holande
970 2750 1005 2814 in
1029 2770 1158 2814 summa
1180 2751 1376 2816 necessitate

322 2851 449 2915 domini
471 2852 524 2916 sui
551 2851 684 2937 qnando
714 2851 868 2916 dominus
901 2872 982 2916 suus
1013 2851 1158 2916 maxime
1190 2851 1377 2919 oonfidebat

319 2952 362 3017 de
385 2952 457 3039 ejus
479 2952 629 3018 adventu
650 2974 726 3019 eum
753 2953 880 3017 anxilio
911 2951 1026 3039 populi
1059 2953 1229 3039 promisso,
1262 2952 1377 3019 relicto

319 3053 454 3120 domino
476 3076 537 3120 suo
558 3055 595 3119 in
616 3074 678 3119 sua
692 3054 848 3141 angustia
870 3054 1058 3119 inevitabili
1080 3054 1225 3120 reddidit
1248 3076 1281 3119 se
1297 3056 1375 3143 regi,

319 3154 486 3242 decipiens
508 3156 680 3221 dominum
702 3177 810 3233 suum,
833 3177 933 3241 quam
949 3155 992 3220 ob
1015 3154 1247 3222 infidelitatem
1262 3178 1376 3222 omnes

320 3278 469 3342 proceres
499 3263 535 3323 et
566 3262 738 3345 magnates
774 3257 869 3344 regni
903 3257 980 3321 odio
1012 3279 1088 3322 eum
1119 3256 1288 3323 habebant
1300 3282 1309 3338 3
1342 3264 1376 3324 et

319 3379 395 3424 eum
428 3359 576 3424 maximo
609 3358 778 3446 vituperio
800 3363 902 3443 ceput
926 3360 997 3445 ejus
1020 3358 1225 3427 abscissum⁶
1248 3365 1307 3438 est,
1333 3360 1376 3426 nd
1389 3365 1522 3431 Heirput

319 3461 473 3526 comitem
495 3461 697 3527 Laneastriae
722 3458 905 3526 Hemieum
937 3460 1027 3547 apud
1050 3458 1219 3525 Waltham
1253 3435 1513 3527 sanotaemmb'

320 3562 426 3627 erucis
448 3562 679 3627 transmissum
701 3566 753 3627 eet
774 3582 834 3647 per
856 3562 1022 3647 quendam
1054 3562 1193 3628 militem
1216 3562 1375 3628 Thomam

321 3660 466 3749 Wyther
487 3664 630 3740 nomine,
652 3668 687 3729 et
709 3663 791 3729 alios
814 3669 957 3730 secretos
979 3663 1116 3730 'l'homae
1139 3664 1267 3731 comitis
1290 3664 1376 3731 Len-

320 3764 462 3830 eastriae.

366 3865 468 3952 Apud
506 3864 715 3953 Salnsbury⁷
752 3867 867 3955 regina
909 3865 1053 3933 Isabella
1086 3871 1121 3933 et
1152 3867 1301 3955 Rogems
1335 3866 1376 3932 de

322 3966 456 4032 Mortuo
501 3968 586 4033 mari
624 3967 777 4033 feeenmt
810 3989 914 4033 novos
952 3966 1112 4045 comites,l
1156 3967 1280 4033 scilieet
1317 3966 1375 4031 Jo-

321 4068 464 4134 hannem
491 4069 532 4135 de
559 4069 695 4135 Eltham
728 4070 881 4135 comitem
914 4069 1100 4145 Oornubiae,
1133 4068 1299 4157 Rogerum
1334 4069 1375 4132 de
1387 4081 1538 4215 ⁰033ssan

355 4370 563 4438 ‘Mser-diam,
596 4372 651 4430 A.;
688 4368 821 4435 Hern'sor·
906 4367 1005 4419 ‘Here
1022 4383 1056 4419 on
1074 4368 1137 4419 both
1155 4366 1267 4433 margins
1284 4366 1373 4419 lello-

322 4448 399 4512 dian,
409 4451 467 4503 MS.
873 4448 959 4500 tetus
969 4446 1078 4498 Holnnd
1088 4448 1251 4513 decapitatus.

354 4528 451 4581 ¹Here
470 4545 504 4581 on
524 4528 623 4596 margin
643 4528 715 4580 old.
727 4526 787 4591 only
799 4525 821 4576 ia
905 4528 916 4561 θ
934 4526 1065 4587 abachum.
1076 4528 1133 4578 MS.

325 4607 427 4659 Tabala
437 4610 555 4660 rotunda.
657 4606 662 4617 '
904 4608 915 4647 ²
934 4606 1146 4673 Saleedwyffi.

353 4689 365 4722 ⁸
383 4691 453 4741 Here
473 4705 507 4740 on
526 4688 589 4741 both
608 4688 720 4753 mni-glos
738 4684 821 4737 isduo
906 4688 918 4721 ⁸
935 4688 1004 4738 Here
1015 4702 1049 4737 on
1068 4687 1132 4737 both
1145 4685 1256 4751 margins
1267 4684 1290 4736 le
1301 4680 1374 4737 Novi

319 4782 400 4834 papa.
873 4766 974 4818 comites
979 4766 1052 4831 sacti
1060 4778 1110 4829 per
1120 4765 1240 4830 repimus.

353 4851 364 4880 ⁴
380 4848 433 4909 Eo,
444 4850 497 4911 A.;
515 4847 630 4908 ΕΗΙΒ,

397 4982 414 5017 ο
448 4970 538 5019 sian.
1171 4954 1238 5003 Η
