3625 5784
403 810 466 874 184
751 821 898 872 unnnrm
922 820 1106 871 mauron

400 1019 543 1090 usquead
558 1017 824 1074 Annuneiatienem
840 1015 997 1072 inhorruit.
1033 1015 1096 1072 Rex
1106 1015 1125 1072 J
1125 1016 1254 1072 ohannes
1263 1015 1345 1073 dedit
1359 1018 1450 1074 filiam

400 1097 503 1163 suam¹
526 1107 655 1162 Lowlino
678 1105 808 1178 Principi
831 1105 947 1162 Walliae
970 1105 1002 1160 iu
1018 1123 1148 1171 uxerem,
1171 1110 1201 1161 et
1223 1123 1291 1162 oum
1313 1126 1348 1162 ea
1370 1107 1453 1162 dedit

400 1197 551 1252 castellum
588 1203 618 1252 ot
655 1201 749 1252 totum
785 1194 965 1250 territorium
1003 1194 1040 1250 de
1077 1196 1219 1251 Ellesmer
1255 1195 1286 1249 in
1324 1197 1452 1251 confinio

400 1286 525 1342 Wolliae.
571 1286 635 1342 Hoc
667 1303 744 1340 auno
778 1289 893 1339 mortue
925 1283 1057 1340 Huberto
1080 1283 1284 1340 cantuariensi
1306 1284 1452 1356 arehiepi-

401 1393 487 1448 scopo
510 1375 545 1431 fit
566 1393 674 1446 magua
696 1372 837 1430 dissensio
853 1373 884 1427 iu
907 1373 1031 1428 ecelesia
1053 1373 1268 1438 cantuariensi,
1292 1373 1359 1428 aliis
1382 1374 1449 1429 sub·

399 1465 535 1536 priorem,
568 1464 634 1519 aliis
667 1463 891 1534 Norwyeensem
913 1463 1080 1534 episcopum
1112 1460 1195 1532 jussu
1227 1463 1306 1533 regis
1339 1463 1452 1534 eligen-

401 1555 499 1620 tlbus;
539 1553 589 1608 sed
624 1553 815 1608 Innocentius
837 1569 915 1624 papa
937 1552 1089 1623 utriusque
1112 1550 1284 1607 electionem
1316 1553 1450 1619 cassavit,

400 1649 430 1698 et
463 1643 644 1714 Stephunum
676 1641 712 1698 de
745 1641 897 1711 Langeton
921 1642 1109 1697 consecravit.
1156 1640 1249 1696 Canes
1278 1645 1309 1696 et
1331 1642 1451 1697 mastivi

400 1751 451 1804 per
474 1749 574 1786 omnes
597 1733 717 1786 forestus
739 1729 857 1800 Angliae
880 1728 1063 1786 occiduntur.
1108 1729 1198 1801 Apud
1222 1730 1449 1786 Sowthwalliam

400 1821 429 1875 in
447 1829 524 1876 terra
539 1821 675 1891 Morgoni
698 1819 833 1892 apparuit
850 1815 888 1872 'in
903 1818 1013 1874 somnis
1035 1820 1177 1890 magistro
1199 1819 1343 1874 Mauricio
1366 1821 1450 1876 miles

400 1909 529 1980 quidam,
562 1927 628 1964 eum
659 1927 716 1981 quo
747 1906 867 1964 alternis
898 1907 1029 1962 uorsibus
1060 1925 1142 1963 nune
1175 1908 1341 1979 incipiendo
1370 1927 1450 1965 nuno

401 1997 529 2054 liniendo
544 1986 733 2063 eolludebat,²
748 1996 799 2069 qui
821 2002 851 2052 et
874 1995 961 2063 dixit,
979 1995 1153 2068 “Magister
1174 1997 1311 2063 Maurici,
1327 2000 1394 2054 vole
1416 2003 1451 2053 ut

401 2090 419 2113 ‘⁴
445 2087 529 2142 finias
551 2089 630 2143 huno
652 2104 779 2152 versum,

556 2215 575 2240 ‘⁴
600 2214 738 2268 Destruet
761 2215 815 2269 hoc
838 2231 963 2285 rognum
986 2232 1038 2270 rex
1060 2205 1272 2285 regum-''

399 2367 455 2423 Oui
478 2367 538 2432 ille,
564 2367 582 2392 ‘⁶
597 2366 693 2420 Immo
727 2363 811 2419 finias
845 2370 879 2419 tu
903 2364 953 2435 qui
985 2365 1045 2420 fere
1067 2381 1184 2420 versum
1214 2358 1452 2423 consummasti.’'

397 2457 439 2511 At
461 2455 555 2522 miles,
581 2455 688 2524 “Quia
710 2471 797 2509 senex
820 2471 851 2508 ee
873 2471 907 2508 ae
930 2454 1017 2509 hebes
1039 2457 1074 2508 ut
1095 2453 1181 2508 video
1204 2454 1246 2510 sie
1268 2455 1362 2522 finies,

488 2583 508 2608 a
533 2581 670 2636 Destruet
692 2581 747 2670 hoo
769 2597 894 2650 regnum
916 2599 967 2635 rex
990 2598 1094 2652 regum
1116 2581 1233 2653 dupli00
1256 2573 1368 2654 plaga„

443 2738 485 2792 Eo
507 2724 663 2808 tempore³
684 2739 772 2788 natus
803 2737 848 2789 est
877 2733 942 2804 regi
965 2732 1095 2788 Johanni
1127 2733 1274 2790 Henrieus
1304 2739 1450 2808 primoge-

397 2826 478 2881 nitus
509 2843 587 2890 suus,
611 2843 646 2880 ex
669 2823 804 2888 Isabelle,
829 2823 864 2878 de
888 2840 945 2894 qua
975 2822 1080 2894 genuit
1109 2823 1199 2878 istum
1224 2824 1396 2891 Heurieum,
1420 2832 1451 2881 ot

399 2913 558 2970 Ricardum
593 2913 730 2969 comitem
762 2911 928 2977 Cernubiae,
967 2909 1009 2983 iij.
1048 2929 1163 2984 quoque
1209 2913 1294 2980 filius,
1341 2916 1451 2970 scilieet

399 3003 553 3059 Iaabellam
585 3001 812 3075 imperatricem,
834 3000 1004 3056 Alienorum
1027 3019 1092 3072 quoe
1116 3001 1219 3072 nupsit
1244 3005 1341 3074 primo
1363 3004 1449 3060 Will·
1804 3022 1806 3035 ¹

397 3094 473 3148 elme
496 3091 668 3148 Mareseallo
690 3089 791 3146 comiti
816 3088 852 3144 de
874 3080 1052 3156 Peubrook,⁴
1074 3096 1104 3145 et
1127 3092 1312 3162 postmodum
1337 3093 1450 3148 Simoni
1804 3068 1806 3205 l

398 3181 434 3237 de
457 3183 557 3236 Monte
590 3181 660 3236 sorti
692 3178 793 3235 oomiti
817 3178 1018 3251 Leyoestrensi
1051 3179 1102 3250 qui
1136 3181 1241 3250 genuit
1272 3201 1307 3236 ex
1341 3199 1375 3236 ea
1399 3201 1449 3237 sex

398 3271 511 3326 liberos.
556 3261 675 3324 ⁵Tertia
697 3268 760 3322 filiu
782 3267 918 3322 Johauna
939 3268 1041 3338 nupsit
1062 3268 1125 3338 regi
1150 3268 1265 3326 scotia.
1310 3261 1450 3342 Incepit⁶
1463 3258 1606 3322 'TW-0⁰¹·

398 3349 609 3415 interdictum⁷
632 3358 752 3428 Angliae
775 3374 828 3428 per
850 3355 899 3426 vij.
933 3374 1025 3411 annos
1048 3357 1186 3412 continue
1208 3359 1392 3425 duraturum,
1415 3379 1449 3416 ee
1462 3331 1536 3376 Μ’
1650 3433 1653 3438 .

397 3449 476 3520 qued
502 3465 551 3503 rex
576 3447 734 3511 Johanncs,
759 3445 942 3516 Stephanum
974 3444 1010 3500 de
1033 3445 1186 3516 Laugeton
1210 3448 1448 3504 Cantuarienaem
1803 3408 1806 3563 1

396 3537 645 3608 arehiepiscopum
680 3553 732 3606 per
763 3550 867 3605 popam
891 3525 1114 3590 consecratum⁸
1145 3536 1264 3591 omnino
1293 3540 1449 3605 recusavit,

397 3615 547 3699 priorem⁹
569 3632 600 3680 et
621 3625 778 3679 monaches
802 3623 1025 3678 cantuarienses
1048 3624 1227 3696 profugavit,
1251 3626 1327 3682 bena
1347 3645 1449 3682 eorum
1617 3641 1620 3645 '

398 3715 574 3772 confiscavit.
616 3714 679 3783 Qua
701 3713 736 3768 de
770 3729 856 3767 cauae
890 3731 965 3784 papa
998 3712 1131 3768 homiues
1154 3713 1298 3770 Johannis
1327 3718 1364 3772 ab
1387 3716 1450 3788 ojus

398 3804 537 3859 fidelitate
582 3802 714 3870 absolvit,
753 3801 926 3873 scripsitque
964 3801 1127 3857 confinibus
1142 3793 1168 3834 ¹⁰
1199 3805 1317 3875 regibus
1347 3809 1381 3860 ut
1420 3805 1450 3860 in

398 3893 563 3948 Johanncm
590 3892 782 3962 insurgerent.

396 4077 433 4084 ···-
441 4076 533 4082 --“-
763 4071 934 4078 ·-·-“······-··-“·
940 4071 1139 4082 ’Ἢ

432 4195 566 4256 rumpam,
582 4195 728 4258 ,1141qu
982 4180 1124 4248 ⁶Iacepit]
1156 4181 1214 4234 Hoc
1247 4199 1315 4236 enno
1347 4187 1451 4253 incepit,

429 4285 609 4351 ⁹cellculcbat]
640 4286 738 4335 solebat
765 4285 898 4340 colludere,
950 4257 1027 4323 Hissd'
1293 4343 1298 4354 ,
1343 4345 1348 4355 ,

396 4366 472 4432 Higd·
981 4337 1078 4388 ⁷Here
1098 4341 1206 4390 oubeth
1219 4347 1451 4409 marginsrsAusro

427 4458 437 4489 ³
454 4457 498 4506 Eo
511 4454 633 4523 corrupere]
655 4456 712 4506 Hoc
732 4453 807 4505 etium
822 4471 898 4518 asino,
946 4421 1040 4525 92¹⁸!oe
1051 4429 1109 4468 '¹⁰⁰’
1120 4425 1216 4470 “²⁰⁰⁰-

1008 4497 1195 4564 ⁶⁰¹²⁸⁰⁶m²¹⁴¹¹⁸l
1265 4503 1452 4566 confirmatum,

394 4534 471 4600 nigd.
948 4571 1026 4639 Higo.

426 4625 436 4660 ⁴
456 4625 590 4686 remoror,
602 4623 679 4726 mid'
980 4653 990 4687 ⁹
1005 4654 1118 4718 priorem
1129 4656 1166 4724 et]
1188 4674 1238 4712 om.
1249 4661 1330 4728 Higd.

426 4719 436 4758 l
455 4717 526 4781 um,
538 4718 596 4774 edo.
610 4716 689 4790 llud.
980 4732 999 4774 ¹⁰
1014 4733 1169 4810 confluitur]
1183 4740 1351 4806 conterentes,
1364 4743 1442 4816 eigo.
