3625 5784
619 873 890 929 umcmrssssm
912 873 1122 924 cnuouroou.
1345 857 1407 928 117

354 1062 485 1128 Uxores¹
510 1087 625 1142 quoque
653 1069 852 1127 sacerdotibus
881 1069 1011 1126 inhibuit
1042 1062 1145 1147 (anno
1178 1062 1294 1147 gratiae
1317 1075 1403 1130 MOII.
1417 1060 1527 1140 1⁸²5ssst

351 1165 443 1252 prius
466 1183 532 1228 non
555 1163 765 1250 prohibitas).
1416 1136 1517 1182 mm

178 1288 328 1341 efflemsi„
396 1275 468 1331 Orto
501 1280 547 1330 est
580 1275 726 1331 discordia
748 1274 826 1330 inter
858 1291 957 1346 rogem
991 1279 1022 1330 et
1051 1274 1225 1330 Aneelmum
1256 1292 1291 1330 eo
1324 1276 1404 1347 quod

178 1357 272 1406 ΜΘΝ
352 1365 442 1420 nollet
475 1382 641 1421 consecrare
679 1365 815 1436 praelatos
847 1364 898 1436 qui
931 1363 1111 1436 recipiebant
1145 1363 1333 1420 investituras
1367 1365 1403 1420 de

178 1421 302 1488 “pum
350 1453 485 1510 manibus
507 1453 669 1520 laioornm;
694 1454 857 1525 praesertim
880 1471 949 1508 cum
971 1471 1065 1525 nuper
1088 1453 1223 1509 dominus
1246 1471 1321 1525 papa
1343 1456 1400 1510 boc

350 1543 536 1600 interdixerit
566 1543 620 1599 sub
651 1543 846 1599 anathemate.
901 1542 1038 1598 Giraldus
1075 1546 1175 1598 tamen
1212 1543 1402 1600 Eboraceuais

348 1633 582 1706 archiepiscopus
597 1633 670 1688 tales
692 1630 882 1699 consecravit,
904 1632 982 1688 unde
1005 1636 1101 1688 motus
1117 1631 1274 1688 Anselmus
1296 1649 1401 1706 papam

348 1723 431 1779 adiit.
477 1723 555 1780 Gens
578 1721 724 1779 Flaudriae
755 1726 874 1795 propter
896 1721 1104 1778 desolationem
1127 1723 1231 1795 patriae
1255 1740 1314 1778 euae
1349 1741 1401 1794 per

346 1811 535 1883 jactationem
568 1829 708 1885 requerere
739 1830 835 1868 arenoe
870 1811 923 1866 diu
956 1812 1129 1882 vagabunda
1160 1813 1256 1868 locum
1287 1811 1400 1868 habita·

349 1902 439 1957 tionis
469 1920 488 1958 a
516 1919 586 1974 rege
617 1901 747 1957 Henrico
779 1900 902 1974 expetiit
933 1906 963 1956 et
996 1901 1125 1957 obtinuit
1158 1901 1196 1956 ad
1230 1901 1400 1958 orientalem

350 1991 466 2063 plegem
488 1991 607 2063 Angliae
626 1989 713 2062 juxta
735 1991 880 2047 'l'wedam
927 1990 985 2061 Qui
1007 1995 1105 2046 tamen
1127 1993 1313 2062 postmodum
1345 1991 1401 2047 sub

349 2098 425 2135 anno
445 2080 532 2152 regni
555 2081 601 2136 sui
621 2079 662 2151 xj.
689 2080 825 2136 translati
847 2083 917 2135 sunt
948 2079 980 2134 iu
1003 2079 1219 2136 Westualliam.
1266 2070 1400 2154 ΟοτρῑιεΒ

349 2171 442 2225 sancti
465 2170 600 2226 (lotberti
621 2171 682 2225 414.
713 2174 779 2242 poet
802 2171 983 2242 sepulturam
1015 2167 1079 2240 ejus
1100 2187 1177 2226 anno
1210 2171 1247 2226 ob
1270 2189 1398 2243 quorun-

350 2259 417 2314 dam
439 2261 629 2332 praelatorum
663 2259 900 2315 incredulitatem
936 2277 1003 2314 cum
1026 2257 1121 2330 capite
1144 2258 1239 2314 sancti
1271 2259 1397 2316 Oswaldi

349 2354 497 2420 repertum
541 2354 586 2405 est
629 2349 841 2420 incorruptum
886 2349 913 2404 ⁷.
937 2347 1010 2403 Idus
1055 2347 1139 2404 Juuii
1177 2353 1302 2420 quatuor
1338 2350 1400 2405 albi

350 2437 453 2495 circuli
484 2439 563 2494 circa
596 2439 690 2493 solum
713 2443 782 2493 sunt
804 2436 869 2492 visi.
915 2437 980 2493 Hoc
1002 2456 1078 2493 auno
1101 2439 1197 2510 prima
1217 2439 1400 2494 hebdomada

350 2527 578 2600 quadragesimae
600 2527 673 2582 feria
704 2533 786 2582 sexta
808 2529 886 2582 circa
907 2545 1056 2599 vesperam
1080 2528 1164 2583 stella
1196 2527 1315 2583 insolita
1337 2530 1401 2584 visa

348 2621 393 2673 est
430 2617 527 2674 lucere
564 2617 641 2673 inter
677 2622 809 2672 ausuum
840 2621 870 2672 et
906 2617 1098 2681 occidentem,
1137 2621 1167 2672 et
1204 2616 1247 2672 sic
1284 2617 1400 2674 lucebat

348 2707 479 2780 quotidie
508 2707 610 2763 eadem
640 2707 713 2761 hora
734 2723 787 2778 par
808 2724 874 2761 xxv.
897 2705 978 2774 dies;
1004 2706 1049 2760 cui
1083 2707 1188 2776 ingens
1219 2705 1316 2761 trabes
1337 2707 1400 2762 visa

347 2800 391 2852 est
435 2796 472 2852 de
517 2796 651 2852 orientali
696 2801 779 2867 parte
800 2813 960 2851 occurrere.
1004 2794 1194 2850 Postmodum
1240 2794 1272 2849 in
1317 2813 1401 2850 omna

347 2885 460 2941 domini
481 2885 552 2942 visat
583 2889 653 2941 suut
675 2885 740 2940 duee
771 2885 850 2940 lunoe
882 2885 977 2957 plenae
1000 2901 1103 2956 parum
1126 2887 1194 2938 ante
1227 2883 1316 2949 diem,
1339 2902 1400 2940 una

348 2974 379 3031 in
401 2975 513 3032 oriente
535 2975 680 3031 etaltera
702 2973 734 3028 in
757 2973 915 3029 occidente.
963 2973 1026 3043 Quo
1048 2972 1167 3045 quidem
1190 2990 1266 3028 anno
1288 2973 1398 3029 factum

346 3069 390 3120 est
412 3065 571 3121 execrabile
583 3063 740 3121 discidium
762 3062 840 3119 inter
862 3063 1025 3118 Henricum
1049 3061 1253 3135 imperatorem
1275 3067 1398 3134 patrem,

347 3159 378 3210 et
412 3155 574 3210 Henrioum
608 3153 703 3208 filium
737 3171 834 3218 suum,
867 3152 940 3208 adeo
970 3156 1005 3207 ut
1037 3151 1118 3206 filius
1151 3155 1263 3224 patrem
1302 3153 1399 3208 incar·

349 3249 466 3300 ceraret.
515 3243 579 3314 Quo
610 3243 699 3298 etiam
730 3261 807 3298 anuo
837 3243 995 3298 Auselmus
1028 3241 1218 3297 concordatus
1252 3247 1297 3298 est
1331 3261 1399 3298 cum
1422 3287 1424 3304 .

347 3350 417 3405 rege
448 3333 577 3389 Henrico
599 3334 726 3389 Beccum
758 3333 902 3399 veniente,
926 3336 956 3387 et
979 3332 1047 3387 inde
1078 3331 1267 3387 transmissus
1289 3336 1333 3388 eet
1367 3332 1399 3388 in

346 3423 494 3496 Angliana

179 3514 304 3565 Itemibi-
390 3513 455 3569 Hoc
489 3531 565 3569 suno
588 3512 734 3568 Henricus
763 3512 790 3566 4.
823 3511 901 3565 liliua
936 3509 1058 3566 Henrici
1088 3511 1113 3567 3.
1149 3509 1226 3581 cepit
1257 3511 1399 3582 imperare

179 3583 331 3700 aet’rg'mffi·
347 3602 425 3677 apud
456 3603 642 3668 Teutonicos,
665 3607 696 3658 et
717 3599 853 3671 regnavit
875 3618 927 3672 pro
960 3599 999 3655 ix.
1032 3601 1125 3656 annis.
1171 3590 1253 3655 Ηίο8
1284 3607 1398 3672 patrem

324 3685 498 3765 'proprium
540 3691 667 3763 conjecit
703 3691 736 3745 in
773 3689 910 3756 vinculis,
949 3689 1056 3761 quibus
1094 3695 1124 3744 et
1161 3689 1242 3746 obiit.
1288 3690 1398 3762 Papam

347 3782 517 3838 Pascbalem
562 3799 630 3837 cum
668 3779 865 3835 cardinalibus
902 3779 982 3850 cepit
1018 3783 1049 3834 et
1082 3779 1274 3835 incarceravit
1311 3784 1399 3852 prout

347 3871 548 3943 supradictum
580 3875 633 3938 est,
656 3868 773 3941 quade
806 3886 894 3924 causa
915 3874 949 3923 ut
971 3872 1092 3939 putatur
1126 3868 1237 3924 carnali
1259 3867 1399 3941 progenie

347 3962 442 4016 caruit
475 3960 609 4034 quamvis
640 3958 796 4014 Matildam
827 3957 920 4013 filiam
952 3957 1031 4028 regis
1061 3957 1179 4028 Angliae
1212 3958 1335 4014 Henrici
1367 3958 1398 4013 in

346 4068 466 4106 uxorem
504 4050 642 4105 duxisset.
689 4047 820 4104 Tandem
857 4047 894 4103 ed
932 4065 981 4102 cor
1018 4046 1133 4103 rediens
1167 4045 1236 4118 jura
1269 4045 1398 4102 ecclesiae

347 4139 467 4195 Kalixto
500 4157 585 4213 papae
615 4139 705 4194 libere
737 4135 910 4209 resignavit,
945 4137 1044 4208 eicque
1076 4136 1235 4192 secundum
1257 4137 1398 4192 veriorem

347 4228 514 4301 opinionem
559 4228 627 4284 exul
670 4232 773 4300 sponte
811 4226 905 4282 factus
943 4227 1019 4282 clam
1057 4242 1145 4280 uxore
1181 4224 1284 4279 relicta
1321 4225 1400 4296 apud

347 4317 490 4375 cestriam
520 4318 602 4374 obiit.
659 4316 843 4373 Oelebretum
880 4321 925 4371 est
962 4314 1122 4370 Londouioe
1157 4311 1313 4369 concilium
1345 4312 1399 4368 sub

379 4585 447 4637 ι()ΙΙ
464 4585 527 4635 Μ,
541 4583 654 4651 margin,
672 4583 702 4644 ἰδ’
713 4582 848 4634 dmm
896 4556 990 4684 prspti
1015 4552 1153 4604 Csttberti
1174 4553 1300 4620 inteprum
1326 4572 1398 4621 repe.

341 4661 769 4732 probabsituxoreseucerdolibua
928 4713 939 4746 ι
956 4711 1071 4764 Onboffi
1082 4709 1194 4778 margins
1209 4710 1240 4771 is,
1252 4711 1339 4764 Filius
1357 4714 1397 4764 in·

376 4767 445 4820 lOu
468 4768 531 4828 both
552 4765 664 4834 margins
686 4765 716 4828 1⁸.
742 4765 846 4831 ί’ΜΡΝ
895 4791 1157 4857 carmatpropiicm
1166 4795 1275 4858 patrem,
