3625 5784
426 907 491 976 398
778 927 923 976 nuna1o1
947 927 1132 978 nummos

427 1124 603 1182 voluntarias
625 1125 736 1182 dudum
760 1127 889 1183 induotae
911 1132 942 1184 et
975 1127 1058 1183 inita
1091 1117 1314 1183 intereoeet1
1337 1128 1424 1184 modo
1446 1134 1478 1185 st

426 1215 520 1271 forma
542 1233 576 1272 ao
599 1216 733 1272 omnibus
756 1216 816 1272 illis
839 1217 972 1288 personis
993 1221 1026 1272 et
1047 1218 1146 1282 terris,
1169 1222 1199 1272 et
1221 1218 1276 1272 sub
1298 1217 1360 1272 illis
1381 1219 1477 1290 poenis

425 1311 456 1360 et
489 1305 708 1362 conditionibus
745 1310 776 1361 et
814 1306 997 1378 temporibus
1034 1305 1090 1361 sub
1124 1306 1231 1379 quibus
1267 1307 1389 1364 indictae
1424 1314 1477 1363 aut
1560 1354 1563 1360 ,

425 1395 559 1451 formatas
591 1395 711 1452 fuerunt
743 1395 957 1452 inviolabiliter
990 1395 1201 1452 observentur:
1235 1396 1274 1452 ad
1303 1394 1476 1468 hujusmodi

425 1489 524 1540 autem
556 1503 657 1557 paoem
687 1484 917 1542 oonfirmandam
952 1485 1146 1542 roborandam
1165 1484 1269 1558 'atque
1301 1486 1474 1543 ssrvmdam

426 1574 504 1630 inira
541 1581 656 1648 tempus
694 1575 771 1648 quod
804 1573 973 1631 duxerimus
1004 1575 1217 1633 moderandum
1250 1576 1373 1649 praefato
1408 1577 1475 1648 regi

423 1663 544 1735 Anglise
567 1681 694 1721 sororem
718 1664 790 1720 dieti
812 1663 891 1736 regis
914 1664 1048 1721 Francia
1069 1665 1201 1738 recipere
1223 1683 1257 1722 ae
1280 1666 1384 1722 ducere
1406 1684 1473 1723 eum

424 1752 561 1810 dotalitio
584 1753 751 1826 quindecim
772 1753 855 1809 mille
876 1754 1019 1810 librarum
1046 1755 1261 1811 Turonensium
1290 1755 1322 1810 in
1344 1773 1472 1812 uxorem.

424 1843 463 1896 Et
496 1843 574 1899 idem
605 1861 656 1900 rex
690 1844 823 1900 ltsnoiae
856 1843 978 1900 eandem
1012 1861 1142 1901 sororem
1175 1863 1257 1901 suam
1290 1845 1386 1902 eidem
1408 1847 1472 1917 regi

423 1931 543 2003 Angliae
565 1935 598 1988 in
620 1951 740 1990 uxorem
763 1932 833 1990 dara
868 1938 899 1990 ot
924 1933 1041 1990 tradere
1062 1952 1132 1991 eum
1154 1933 1372 2007 dmpensatione
1394 1934 1472 1991 sedis

422 2022 590 2092 apostolieae
612 2028 775 2080 teneantur.
822 2023 906 2093 Quod
929 2025 962 2079 ni
984 2024 1047 2080 fllia
1069 2025 1215 2096 praelibati
1236 2026 1316 2096 regis
1340 2025 1474 2081 F‘rauoiae

422 2128 487 2181 quas
503 2113 580 2166 inlra
603 2117 772 2184 septennem
795 2111 905 2168 dieitur
927 2115 1090 2169 constituta
1105 2131 1158 2170 suo
1181 2117 1313 2186 tempore
1328 2114 1472 2170 Eduardo

421 2199 556 2271 praedicti
583 2202 662 2273 regis
685 2201 805 2273 Angliae
835 2201 898 2257 filio
922 2206 973 2275 qni
993 2200 1056 2273 jam
1078 2202 1271 2259 taedeeimum
1295 2205 1390 2260 utatis
1412 2220 1473 2259 suae

421 2305 531 2345 annum
554 2293 653 2363 exegit
676 2309 742 2348 oum
774 2290 865 2346 simili
889 2292 1109 2364 dispensatione
1130 2293 1389 2349 matrimonialiter
1403 2311 1471 2349 oum

420 2378 560 2436 dotalicio
591 2379 676 2452 xviij.
712 2380 840 2436 millium
874 2381 1018 2437 librarum
1056 2381 1273 2438 'turonensium
1308 2383 1471 2456 copuletur.

419 2467 557 2542 Illudque
603 2470 736 2526 firmetur
780 2475 868 2542 atque
906 2472 1034 2527 valletur
1071 2477 1178 2528 extune
1216 2472 1312 2528 modis
1349 2473 1472 2528 inferius

419 2559 578 2624 annotatis,
603 2559 743 2615 videlieet
766 2559 844 2631 quod
875 2559 954 2616 idam
985 2577 1038 2616 rex
1075 2561 1195 2632 Angliae
1229 2579 1283 2633 pro
1312 2561 1375 2617 filiu
1406 2579 1472 2626 suo,

420 2647 554 2722 idemque
576 2647 656 2704 filins
678 2667 731 2721 pro
755 2667 786 2704 se
809 2649 861 2720 qui
883 2649 921 2705 ad
943 2649 999 2705 hoe
1014 2649 1206 2706 sufficientem
1230 2655 1346 2706 aetatsm
1361 2651 1472 2707 habent

418 2739 594 2794 contrahant
631 2739 778 2812 sponsalia
820 2737 963 2811 praedicta
1011 2739 1172 2795 eorundem
1216 2740 1297 2812 regis
1340 2746 1371 2796 st
1415 2740 1471 2795 lilii

415 2824 595 2897 juramentis
617 2829 769 2884 firmanda.
817 2829 856 2884 nt
878 2847 930 2885 rex
952 2827 1085 2884 hancine
1105 2833 1160 2885 sto.

464 2918 623 3008 Copiam²
646 2921 855 3008 sequentium
877 2921 919 2986 de
941 2921 1004 2987 hao
1025 2921 1165 2986 materia
1198 2921 1338 3009 diligens
1370 2921 1473 2990 lector

419 3023 576 3109 inquirat,
599 3045 677 3089 nam
701 3047 761 3114 ego
795 3023 956 3090 sollicitus
989 3023 1209 3111 investigator
1242 3024 1378 3111 nequivi
1412 3047 1473 3112 pro

417 3130 565 3213 tempore
599 3127 757 3194 invenire.

277 3242 320 3310 '8
371 3275 380 3286 .
463 3227 679 3294 Biennalibus
713 3227 838 3317 treugis
873 3227 919 3294 aio
950 3227 1046 3294 fantis
1078 3233 1113 3293 et
1144 3229 1274 3296 eaeteris
1305 3229 1348 3294 ad
1385 3230 1472 3316 regis

376 3341 387 3352 ·
418 3329 575 3396 Edwardi
608 3337 723 3397 votum
755 3330 897 3417 patratis
930 3329 1031 3396 rediit
1067 3327 1151 3395 rex⁸
1187 3330 1372 3397 Edwardus
1408 3331 1472 3396 sub

417 3433 508 3498 omni
530 3432 699 3498 eeleritate
715 3453 782 3518 qua
796 3431 909 3518 potuit
923 3429 1111 3497 festinando
1134 3432 1178 3497 ad
1202 3438 1315 3518 partas
1329 3431 1471 3497 boriales

417 3533 554 3600 visitare
585 3555 661 3600 suos
693 3533 764 3619 ejus
801 3533 985 3599 adventum
1022 3533 1112 3620 apud
1149 3534 1296 3620 Berwyk
1333 3538 1469 3619 praesto

415 3636 531 3702 lantes,
579 3637 624 3702 Et
639 3636 732 3703 venit
747 3657 821 3704 oum
837 3635 986 3701 exercitu
1001 3635 1121 3722 grandi
1135 3636 1225 3722 apud
1240 3633 1470 3723 Rokesburgh,

416 3743 450 3804 et
488 3738 565 3802 iude
603 3738 741 3805 tendens
779 3737 868 3824 apud
900 3736 1106 3824 Templiston
1143 3735 1255 3822 ibique
1292 3742 1470 3823 expectans

416 3841 587 3958 navigium
627 3840 763 3906 veniens
794 3839 835 3905 de
867 3839 1059 3925 Berewyk‚⁴
1080 3839 1138 3905 sed
1173 3838 1346 3906 deficiente
1368 3850 1470 3904 vento

246 3963 365 4016 Wantof
415 3945 586 4030 navigium
625 3943 765 4030 impedit
765 3942 847 4007 um⁵
881 3941 1079 4027 patiebatur,
1118 3941 1209 4006 unde
1245 3941 1379 4028 Angliei
1409 3963 1470 4027 pro

242 4031 399 4165 grupen&
414 4047 546 4114 deiectu
568 4044 796 4112 victualium
787 4066 822 4110 m
845 4044 942 4131 gravi
970 4043 1110 4129 penuria
1142 4044 1210 4110 aeti
1239 4049 1327 4111 sunt.
1372 4042 1471 4123 Quod

245 4165 371 4228 supplies„
381 4115 632 4266 percipientes
678 4147 769 4214 Sooti
807 4145 1052 4212 festinaverunt
1093 4167 1303 4235 congressum
1347 4145 1469 4211 habere
1521 4168 1524 4173 ·

414 4275 489 4322 cum
513 4254 568 4319 eia.
616 4251 682 4317 Sed
702 4251 847 4337 juvante
880 4246 952 4313 Deo
983 4253 1161 4334 antequam
1193 4246 1347 4314 venirent
1369 4245 1468 4325 Scoti,

449 4499 513 4568 1et]
533 4513 583 4550 om.
611 4496 679 4558 MS..
700 4497 753 4546 aad
780 4495 807 4544 in
830 4493 865 4544 A.
894 4491 915 4541 it
997 4491 1095 4546 ³nere
1114 4510 1148 4544 ou
1164 4494 1228 4546 both
1244 4493 1357 4562 margins
1373 4492 1468 4545 isRex

413 4595 494 4632 seems
506 4593 534 4630 as
545 4577 568 4628 ii
581 4575 601 4628 it
612 4576 663 4628 had
673 4577 738 4627 been
749 4579 834 4626 meant
843 4579 871 4622 to
881 4572 915 4622 be
964 4573 1029 4624 redu
1040 4574 1070 4624 in
1082 4574 1201 4627 Seoa‘un.

412 4659 509 4710 med.
998 4647 1211 4718 *Benenate

447 4737 458 4768 ²
475 4738 543 4787 Hera
561 4751 595 4786 ou
615 4735 677 4785 both
697 4731 809 4799 margins
826 4731 848 4782 is
860 4730 917 4782 Hic
999 4732 1010 4764 ⁶
1027 4733 1178 4800 inpeditam,
1190 4733 1242 4796 A.;
1260 4733 1468 4800 impediamus,

414 4815 501 4882 deficit
512 4815 620 4867 historia
632 4815 664 4868 de
675 4820 767 4878 trenpu
779 4813 881 4880 Aaqlioe
892 4817 917 4864 et
966 4813 1024 4866 MS.

410 4897 538 4950 Fraaes'oe.
