3625 5784
590 935 865 990 nuuous‘muusrs
888 944 1100 995 ouuomcou.
1313 934 1377 996 243

318 1149 428 1213 gresso
451 1128 564 1214 iisque
585 1151 662 1215 roge
679 1129 714 1192 in
731 1130 845 1221 urbem
862 1131 909 1197 sie
924 1135 1054 1217 captum
1079 1131 1239 1217 fugerunt
1262 1131 1372 1208 multi,

319 1229 375 1294 ulii
408 1230 494 1295 sicut
524 1236 618 1296 erunt
645 1232 774 1308 minuti,
800 1233 834 1296 in
865 1240 1018 1311 castrum,
1042 1235 1100 1298 ulii
1130 1234 1253 1299 relictis
1276 1235 1370 1316 equis

319 1333 468 1396 sturmis
492 1333 528 1396 in
544 1333 732 1413 ecolesia1u;
749 1335 890 1421 [pauci]¹
907 1342 1020 1402 tumen
1043 1341 1246 1413 corruerunt,
1262 1341 1296 1400 et
1317 1335 1365 1399 hii

320 1435 452 1518 quidem
484 1435 525 1500 de
555 1437 722 1501 communi
745 1437 875 1522 populo,
900 1459 960 1504 nee
982 1444 1055 1503 erat
1077 1438 1203 1504 multus
1232 1439 1368 1524 sanguis

320 1537 451 1614 effusus
475 1539 630 1623 quonism
663 1539 759 1623 qussi
790 1539 900 1604 subito
933 1539 1004 1605 haeo
1025 1542 1138 1605 omnio
1172 1541 1373 1606 factasunt.

322 1637 499 1704 Paciiiootu
522 1643 634 1704 temen
658 1639 739 1702 urbe
758 1639 862 1725 jussit
892 1661 952 1704 rex
983 1638 1143 1724 exsequi²
1174 1641 1263 1726 quod
1281 1641 1374 1726 juru-

322 1744 424 1805 velut.
472 1740 516 1804 Et
547 1740 708 1804 dixerunt
731 1741 770 1817 ei,
795 1740 925 1805 “Absit
954 1741 1017 1807 hoo
1039 1765 1060 1806 u
1083 1749 1126 1816 te,
1151 1765 1170 1806 o
1204 1763 1271 1818 rex,
1295 1755 1513 1824 nam'rneking

320 1851 336 1876 “
360 1841 422 1906 filii
446 1849 676 1928 magnatorum
702 1849 835 1908 tuorum
859 1849 894 1908 et
916 1850 1109 1910 coeterorum
1132 1843 1305 1909 hominum
1329 1845 1371 1909 de
1383 1823 1526 1941 fflffiffil

320 1952 337 1978 “
361 1964 461 2030 regno
496 1949 554 2009 tuo
593 1943 658 2010 hue
682 1966 758 2010 oum
789 1944 1009 2010 universitate
1043 1944 1105 2012 hue
1136 1951 1504 2023 convenerunthauging,

321 2054 337 2080 “
361 2046 483 2131 quossi
499 2047 655 2133 suspendi
672 2046 786 2112 feceris
803 2068 860 2112 seu
877 2047 1066 2113 detruncari
1088 2048 1263 2134 insurgent
1285 2045 1322 2113 in
1337 2054 1372 2113 te
1384 2023 1497 2156 mis

321 2157 337 2182 “
362 2149 411 2212 tui
427 2148 485 2233 qui
507 2150 604 2213 modo
629 2155 736 2214 tecum
754 2155 843 2226 sunt,
859 2171 925 2214 non
942 2150 1173 2235 permittentes
1196 2173 1256 2237 pro
1278 2159 1518 2237 posseoppevsed.

322 2257 337 2282 “
361 2251 554 2336 sanguinem
575 2251 718 2316 filiorum
731 2272 865 2316 suorum
889 2273 947 2316 seu
970 2250 1194 2337 proximorum
1219 2253 1372 2317 effundi.’'

322 2353 538 2438 Placatusque
562 2361 612 2419 est
634 2375 701 2430 rex,
726 2360 760 2418 et
782 2359 897 2419 eontra
920 2353 1052 2420 elericos
1071 2354 1201 2439 quievit
1221 2356 1271 2421 iro
1293 2355 1371 2441 ejus.

365 2456 407 2520 In
441 2455 512 2541 ipso
544 2457 645 2521 etiam
677 2456 791 2521 eodem
826 2456 879 2521 die
913 2461 988 2542 post
1019 2456 1135 2521 horum
1165 2457 1372 2542 aliquantam

320 2559 481 2622 insultum
511 2557 663 2623 fecerunt
692 2559 735 2623 ud
758 2564 903 2624 castrum
927 2559 992 2643 ipsi
1014 2558 1149 2645 regulere,
1173 2559 1527 2643 timuerunt-mmme

319 2682 383 2744 que
413 2660 477 2724 sibi
500 2660 579 2725 novi
603 2666 792 2738 esstreusee,
816 2682 855 2725 eo
878 2660 968 2745 quod
990 2660 1152 2726 victualia
1186 2665 1220 2726 et
1253 2657 1542 2773 eaeterungffllfiflss·

319 2761 495 2826 resistendi
539 2763 723 2828 necessaria
768 2783 835 2826 non
881 2761 1050 2837 haberent,
1100 2761 1215 2825 statim
1264 2762 1372 2826 missis
1384 2739 1509 2840 sppezppo

319 2865 448 2930 nunciis
479 2864 643 2929 dederunt
673 2886 708 2928 se
740 2864 774 2926 in
805 2863 948 2950 gratiam
970 2863 1063 2949 regis.
1111 2863 1211 2949 Capti
1234 2869 1313 2927 sunt
1335 2856 1467 2929 inderem

319 2966 372 3032 die
396 2965 455 3031 illa
484 2965 606 3032 milites
636 2965 813 3051 subscripti
836 2970 870 3030 et
898 2965 1045 3041 barones,
1068 2965 1222 3030 dominus
1243 2964 1372 3030 Willel-

321 3090 393 3132 mus
409 3065 474 3132 de³
490 3067 639 3144 Feror-iis,
654 3067 808 3132 dominus
824 3066 943 3131 Petrus
966 3067 1008 3131 de
1024 3065 1139 3132 Monte
1155 3067 1236 3132 lorti
1251 3067 1535 3159 ⁸0⁰l1¹³⁴uiet0fm

319 3168 471 3253 praedieti
510 3167 654 3232 Simonis
687 3166 839 3251 junioris
877 3165 1031 3231 dominus
1071 3167 1295 3232 Boudewinus
1331 3167 1527 3244 detinguisheu

320 3269 434 3346 Wuke,
451 3269 603 3334 dominus
627 3267 735 3332 Adum
759 3268 800 3332 de
819 3266 1035 3344 Neumarehe,
1052 3267 1205 3334 dominus
1223 3269 1371 3356 Rogerus
1383 3249 1509 3351 mm

320 3370 486 3448 Berthum,
509 3370 662 3435 dominus
686 3369 800 3435 Simon
824 3369 913 3434 filius
929 3369 1082 3447 Simonis,
1098 3370 1193 3435 miles
1219 3384 1372 3438 strenuus

319 3473 377 3558 qui
414 3473 540 3559 primus
578 3471 686 3537 erexit
723 3469 883 3536 vexillum
918 3477 1033 3536 eontra
1056 3492 1189 3558 regem3
1219 3473 1373 3538 dominus

320 3559 549 3661 Hengerumus
583 3573 623 3638 de
657 3571 857 3658 Watervyle,
894 3573 1047 3639 dominus
1082 3574 1182 3661 Hugo
1206 3575 1373 3660 Gubyon,5

319 3675 472 3741 dominus
505 3674 647 3740 Thomas
679 3672 839 3751 Meunsel,
888 3674 1041 3740 dominus
1084 3675 1247 3741 Robertus
1286 3678 1373 3742 Bou·

320 3777 481 3865 tevilayn,
532 3776 685 3841 dominus
739 3775 920 3842 Nicholeus
967 3776 1008 3841 de
1058 3775 1170 3854 Wake,
1216 3777 1374 3844 dominus

322 3879 486 3944 Robertus
516 3878 557 3942 do
589 3877 733 3953 Neuton,
764 3877 919 3943 dominus
946 3877 1119 3964 Philippus
1150 3879 1192 3943 de
1222 3879 1314 3945 Bribi
1340 3885 1374 3944 et

322 3978 534 4044 Grimbaldus
565 3979 606 4042 de
636 3977 847 4044 Pouneevolt.
894 3978 1017 4043 Omnes
1056 3980 1231 4065 praedictos
1270 3986 1373 4068 oepti·
1474 3996 1478 4004 ’

320 4082 416 4146 vovit
445 4103 504 4146 rex
527 4085 561 4146 et
583 4079 694 4166 plures
717 4079 817 4159 elioe3
841 4101 981 4166 quorum
1004 4080 1162 4166 quosdam
1190 4081 1227 4144 in
1258 4082 1371 4146 eodem

320 4189 427 4250 cestro
459 4183 542 4248 bene
566 4182 695 4246 munito
726 4182 788 4246 sub
814 4183 966 4250 custodia
996 4183 1122 4247 domini
1154 4182 1307 4248 Nicholui
1331 4183 1372 4247 de

320 4349 608 4357 ———--—----.--—
626 4350 644 4354 -.
664 4347 775 4354 ...-..-,-,,
812 4347 882 4355 --ψ-
897 4347 909 4352 -
928 4345 1060 4352 -u-—0
1102 4347 1163 4352 ---.
1177 4347 1268 4352 -.---
1288 4347 1368 4353 -.-..-.-

355 4435 459 4502 lpuuei
484 4435 571 4485 stands
595 4449 628 4484 on
651 4435 696 4484 the
720 4431 819 4499 margin
903 4433 913 4464 ⁵
934 4431 1051 4495 Gubyou.
1086 4431 1157 4495 Spelt
1179 4430 1206 4480 in
1234 4447 1304 4483 some
1331 4449 1373 4483 ae·

321 4515 347 4565 in
359 4514 422 4566 both
433 4514 509 4565 Mss.
870 4520 961 4561 counts
984 4510 1100 4574 Gebyou,
1119 4511 1171 4559 und
1191 4510 1278 4569 Brioi,
1298 4511 1370 4562 three

351 4593 492 4656 Maeoni,
504 4593 556 4652 A.;
575 4591 710 4652 alterari,
721 4591 777 4640 MS.
871 4589 935 4641 lines
965 4590 1053 4650 bulon,
1080 4588 1102 4638 is
1138 4588 1273 4640 elsewhere
1303 4593 1371 4655 epelt

352 4673 362 4706 ³
380 4671 425 4738 de]
440 4688 490 4723 om.
502 4671 560 4722 MS.
878 4667 984 4731 Drieby.

355 4752 361 4785 ¹
379 4752 462 4802 socius
480 4750 501 4800 is
522 4751 622 4801 writtun
635 4747 706 4801 twice
719 4763 778 4798 over
795 4745 820 4796 iu

320 4831 376 4883 lis.
