<?xml version="1.0" encoding="UTF-8"?>
<!DOCTYPE html PUBLIC "-//W3C//DTD XHTML 1.0 Transitional//EN"
    "http://www.w3.org/TR/xhtml1/DTD/xhtml1-transitional.dtd">
<html xmlns="http://www.w3.org/1999/xhtml" xml:lang="en" lang="en">
 <head>
  <title>
</title>
<meta http-equiv="Content-Type" content="text/html;charset=utf-8" />
  <meta name='ocr-system' content='tesseract 3.04.00' />
  <meta name='ocr-capabilities' content='ocr_page ocr_carea ocr_par ocr_line ocrx_word'/>
</head>
<body>
  <div class='ocr_page' id='page_1' title='image "./chroniconhenric00lumbgoog_0395.png"; bbox 0 0 3625 5784; ppageno 0'>
   <div class='ocr_carea' id='block_1_1' title="bbox 413 871 1115 940">
    <p class='ocr_par' dir='ltr' id='par_1_1' title="bbox 413 871 1115 940">
     <span class='ocr_line' id='line_1_1' title="bbox 413 871 1115 940; baseline -0.003 -2"><span class='ocrx_word' id='word_1_1' title='bbox 413 871 478 940; x_wconf 79' lang='lat'><strong>372</strong></span> <span class='ocrx_word' id='word_1_2' title='bbox 760 889 905 937; x_wconf 78' lang='lat' dir='ltr'><strong>saunier</strong></span> <span class='ocrx_word' id='word_1_3' title='bbox 930 887 1115 936; x_wconf 80' lang='lat' dir='ltr'><strong>xuronrou</strong></span> 
     </span>
    </p>
   </div>
   <div class='ocr_carea' id='block_1_2' title="bbox 415 1075 1635 1566">
    <p class='ocr_par' dir='ltr' id='par_1_2' title="bbox 415 1075 1473 1264">
     <span class='ocr_line' id='line_1_2' title="bbox 415 1075 1473 1161; baseline -0.005 -20"><span class='ocrx_word' id='word_1_4' title='bbox 415 1099 486 1141; x_wconf 88' lang='lat' dir='ltr'><strong>rem</strong></span> <span class='ocrx_word' id='word_1_5' title='bbox 532 1098 630 1141; x_wconf 87' lang='lat' dir='ltr'><strong>suurn</strong></span> <span class='ocrx_word' id='word_1_6' title='bbox 681 1077 799 1140; x_wconf 86' lang='lat' dir='ltr'><strong>saltem</strong></span> <span class='ocrx_word' id='word_1_7' title='bbox 839 1075 873 1140; x_wconf 91' lang='lat' dir='ltr'><strong>in</strong></span> <span class='ocrx_word' id='word_1_8' title='bbox 912 1075 1056 1140; x_wconf 83' lang='lat' dir='ltr'><strong>subditis</strong></span> <span class='ocrx_word' id='word_1_9' title='bbox 1093 1080 1288 1161; x_wconf 88' lang='lat' dir='ltr'><strong>persecutus</strong></span> <span class='ocrx_word' id='word_1_10' title='bbox 1341 1078 1393 1138; x_wconf 77' lang='lat' dir='ltr'><strong>est</strong></span> <span class='ocrx_word' id='word_1_11' title='bbox 1438 1075 1473 1137; x_wconf 91' lang='lat' dir='ltr'><strong>in</strong></span> 
     </span>
     <span class='ocr_line' id='line_1_3' title="bbox 416 1175 1473 1264; baseline -0.003 -23"><span class='ocrx_word' id='word_1_12' title='bbox 416 1185 562 1243; x_wconf 87' lang='lat' dir='ltr'><strong>mortem.</strong></span> <span class='ocrx_word' id='word_1_13' title='bbox 625 1176 775 1262; x_wconf 79' lang='lat' dir='ltr'>Cumque</span> <span class='ocrx_word' id='word_1_14' title='bbox 820 1177 972 1264; x_wconf 87' lang='lat' dir='ltr'><strong>praedicti</strong></span> <span class='ocrx_word' id='word_1_15' title='bbox 1010 1198 1118 1242; x_wconf 89' lang='lat' dir='ltr'><strong>comes</strong></span> <span class='ocrx_word' id='word_1_16' title='bbox 1163 1181 1198 1240; x_wconf 90' lang='lat' dir='ltr'><strong>et</strong></span> <span class='ocrx_word' id='word_1_17' title='bbox 1242 1175 1473 1240; x_wconf 72' lang='lat' dir='ltr'><strong>thesaurarius</strong></span> 
     </span>
    </p>

    <p class='ocr_par' dir='ltr' id='par_1_3' title="bbox 417 1277 1635 1566">
     <span class='ocr_line' id='line_1_4' title="bbox 417 1277 1472 1365; baseline -0.004 -21"><span class='ocrx_word' id='word_1_18' title='bbox 417 1281 459 1344; x_wconf 84' lang='lat' dir='ltr'><strong>ad</strong></span> <span class='ocrx_word' id='word_1_19' title='bbox 491 1285 601 1365; x_wconf 86' lang='lat' dir='ltr'><strong>partes</strong></span> <span class='ocrx_word' id='word_1_20' title='bbox 635 1279 858 1364; x_wconf 76' lang='lat' dir='ltr'><strong>perrexissent</strong></span> <span class='ocrx_word' id='word_1_21' title='bbox 880 1278 1042 1344; x_wconf 78' lang='lat' dir='ltr'><strong>australes</strong></span> <span class='ocrx_word' id='word_1_22' title='bbox 1066 1283 1106 1342; x_wconf 91' lang='lat' dir='ltr'><strong>ut</strong></span> <span class='ocrx_word' id='word_1_23' title='bbox 1136 1277 1354 1363; x_wconf 86' lang='lat' dir='ltr'><strong>parliamento</strong></span> <span class='ocrx_word' id='word_1_24' title='bbox 1384 1277 1472 1364; x_wconf 88' lang='lat' dir='ltr'><strong>regis</strong></span> 
     </span>
     <span class='ocr_line' id='line_1_5' title="bbox 418 1371 1635 1489; baseline -0.003 -44"><span class='ocrx_word' id='word_1_25' title='bbox 418 1382 577 1446; x_wconf 72' lang='lat' dir='ltr'><strong>interesse</strong></span> <span class='ocrx_word' id='word_1_26' title='bbox 611 1386 755 1467; x_wconf 79' lang='lat' dir='ltr'><strong>possent,</strong></span> <span class='ocrx_word' id='word_1_27' title='bbox 788 1381 876 1465; x_wconf 91' lang='lat' dir='ltr'><strong>quod</strong></span> <span class='ocrx_word' id='word_1_28' title='bbox 906 1380 1054 1444; x_wconf 85' lang='lat' dir='ltr'><strong>infesto</strong></span> <span class='ocrx_word' id='word_1_29' title='bbox 1076 1381 1182 1444; x_wconf 90' lang='lat' dir='ltr'><strong>sancti</strong></span> <span class='ocrx_word' id='word_1_30' title='bbox 1208 1379 1298 1444; x_wconf 90' lang='lat' dir='ltr'><strong>Petri</strong></span> <span class='ocrx_word' id='word_1_31' title='bbox 1333 1378 1377 1442; x_wconf 89' lang='lat' dir='ltr'><strong>ad</strong></span> <span class='ocrx_word' id='word_1_32' title='bbox 1400 1379 1472 1442; x_wconf 88' lang='lat' dir='ltr'><strong>vin·</strong></span> <span class='ocrx_word' id='word_1_33' title='bbox 1483 1371 1571 1489; x_wconf 51' lang='lat'><strong>{5¹3⁸</strong></span> <span class='ocrx_word' id='word_1_34' title='bbox 1583 1373 1635 1420; x_wconf 75' lang='lat'><strong>0⁰¹·</strong></span> 
     </span>
     <span class='ocr_line' id='line_1_6' title="bbox 418 1472 1560 1566; baseline -0.006 -17"><span class='ocrx_word' id='word_1_35' title='bbox 418 1483 494 1549; x_wconf 90' lang='lat' dir='ltr'><strong>cula</strong></span> <span class='ocrx_word' id='word_1_36' title='bbox 551 1483 729 1546; x_wconf 82' lang='lat' dir='ltr'><strong>Loudoniae</strong></span> <span class='ocrx_word' id='word_1_37' title='bbox 776 1481 960 1559; x_wconf 86' lang='lat' dir='ltr'><strong>tenebatur,</strong></span> <span class='ocrx_word' id='word_1_38' title='bbox 997 1481 1046 1545; x_wconf 93' lang='lat' dir='ltr'><strong>nil</strong></span> <span class='ocrx_word' id='word_1_39' title='bbox 1083 1481 1162 1544; x_wconf 85' lang='lat' dir='ltr'><strong>mali</strong></span> <span class='ocrx_word' id='word_1_40' title='bbox 1200 1481 1405 1566; x_wconf 80' lang='lat' dir='ltr'><strong>suspicantes</strong></span> <span class='ocrx_word' id='word_1_41' title='bbox 1436 1481 1472 1543; x_wconf 91' lang='lat' dir='ltr'><strong>in</strong></span> <span class='ocrx_word' id='word_1_42' title='bbox 1552 1472 1560 1488; x_wconf 85' lang='grc'><strong>’</strong></span> 
     </span>
    </p>
   </div>
   <div class='ocr_carea' id='block_1_3' title="bbox 249 1565 1477 2890">
    <p class='ocr_par' dir='ltr' id='par_1_4' title="bbox 249 1565 1477 2890">
     <span class='ocr_line' id='line_1_7' title="bbox 249 1565 1473 1684; baseline -0.003 -35"><span class='ocrx_word' id='word_1_43' title='bbox 249 1565 338 1684; x_wconf 47' lang='lat'><strong>{2⁸5}</strong></span> <span class='ocrx_word' id='word_1_44' title='bbox 349 1573 400 1684; x_wconf 42' lang='grc' dir='ltr'><strong>ἕζεο</strong></span> <span class='ocrx_word' id='word_1_45' title='bbox 422 1584 539 1661; x_wconf 89' lang='lat' dir='ltr'><strong>Scotis‚</strong></span> <span class='ocrx_word' id='word_1_46' title='bbox 594 1605 665 1649; x_wconf 87' lang='lat' dir='ltr'><strong>ecce</strong></span> <span class='ocrx_word' id='word_1_47' title='bbox 711 1584 861 1668; x_wconf 84' lang='lat' dir='ltr'><strong>praedicti</strong></span> <span class='ocrx_word' id='word_1_48' title='bbox 906 1584 973 1648; x_wconf 91' lang='lat' dir='ltr'><strong>duo</strong></span> <span class='ocrx_word' id='word_1_49' title='bbox 1019 1582 1177 1647; x_wconf 89' lang='lat' dir='ltr'><strong>Willelmi</strong></span> <span class='ocrx_word' id='word_1_50' title='bbox 1230 1604 1304 1646; x_wconf 87' lang='lat' dir='ltr'><strong>oum</strong></span> <span class='ocrx_word' id='word_1_51' title='bbox 1351 1580 1473 1666; x_wconf 89' lang='lat' dir='ltr'><strong>populo</strong></span> 
     </span>
     <span class='ocr_line' id='line_1_8' title="bbox 249 1683 1473 1772; baseline -0.002 -24"><span class='ocrx_word' id='word_1_52' title='bbox 249 1701 369 1751; x_wconf 72' lang='lat' dir='ltr'><strong>cathos</strong></span> <span class='ocrx_word' id='word_1_53' title='bbox 422 1707 577 1772; x_wconf 80' lang='lat' dir='ltr'><strong>perverso</strong></span> <span class='ocrx_word' id='word_1_54' title='bbox 625 1685 797 1750; x_wconf 82' lang='lat' dir='ltr'><strong>venientes</strong></span> <span class='ocrx_word' id='word_1_55' title='bbox 851 1684 1030 1750; x_wconf 87' lang='lat' dir='ltr'><strong>credebant</strong></span> <span class='ocrx_word' id='word_1_56' title='bbox 1084 1705 1118 1749; x_wconf 87' lang='lat' dir='ltr'><strong>se</strong></span> <span class='ocrx_word' id='word_1_57' title='bbox 1173 1683 1324 1748; x_wconf 91' lang='lat' dir='ltr'><strong>invenire</strong></span> <span class='ocrx_word' id='word_1_58' title='bbox 1378 1704 1473 1768; x_wconf 88' lang='lat' dir='ltr'><strong>posse</strong></span> 
     </span>
     <span class='ocr_line' id='line_1_9' title="bbox 250 1767 1474 1898; baseline -0.002 -48"><span class='ocrx_word' id='word_1_59' title='bbox 250 1767 382 1898; x_wconf 52' lang='lat' dir='ltr'><strong>ssssylfflfi&#39;</strong></span> <span class='ocrx_word' id='word_1_60' title='bbox 418 1787 643 1872; x_wconf 77' lang='lat' dir='ltr'><strong>justiciarium</strong></span> <span class='ocrx_word' id='word_1_61' title='bbox 693 1787 780 1870; x_wconf 89' lang='lat' dir='ltr'><strong>regis</strong></span> <span class='ocrx_word' id='word_1_62' title='bbox 826 1787 934 1850; x_wconf 89' lang='lat' dir='ltr'><strong>nostri</strong></span> <span class='ocrx_word' id='word_1_63' title='bbox 988 1786 1184 1872; x_wconf 71' lang='lat' dir='ltr'><strong>praedictum</strong></span> <span class='ocrx_word' id='word_1_64' title='bbox 1233 1786 1322 1870; x_wconf 90' lang='lat' dir='ltr'><strong>apud</strong></span> <span class='ocrx_word' id='word_1_65' title='bbox 1369 1785 1474 1849; x_wconf 80' lang='lat' dir='ltr'><strong>Scene</strong></span> 
     </span>
     <span class='ocr_line' id='line_1_10' title="bbox 422 1887 1475 1973; baseline -0.002 -21"><span class='ocrx_word' id='word_1_66' title='bbox 422 1889 480 1952; x_wconf 91' lang='lat' dir='ltr'><strong>ubi</strong></span> <span class='ocrx_word' id='word_1_67' title='bbox 527 1889 752 1973; x_wconf 83' lang='lat' dir='ltr'><strong>placitaverat,</strong></span> <span class='ocrx_word' id='word_1_68' title='bbox 798 1895 838 1952; x_wconf 92' lang='lat' dir='ltr'><strong>ut</strong></span> <span class='ocrx_word' id='word_1_69' title='bbox 883 1909 959 1952; x_wconf 91' lang='lat' dir='ltr'><strong>eum</strong></span> <span class='ocrx_word' id='word_1_70' title='bbox 1004 1887 1206 1972; x_wconf 85' lang='lat' dir='ltr'><strong>perimerent</strong></span> <span class='ocrx_word' id='word_1_71' title='bbox 1263 1887 1475 1952; x_wconf 75' lang='lat' dir='ltr'><strong>lestmabanr.</strong></span> 
     </span>
     <span class='ocr_line' id='line_1_11' title="bbox 423 1989 1477 2075; baseline 0.001 -23"><span class='ocrx_word' id='word_1_72' title='bbox 423 1989 499 2074; x_wconf 88' lang='lat' dir='ltr'><strong>Ipse</strong></span> <span class='ocrx_word' id='word_1_73' title='bbox 521 1993 634 2054; x_wconf 89' lang='lat' dir='ltr'><strong>tamen</strong></span> <span class='ocrx_word' id='word_1_74' title='bbox 665 1990 886 2075; x_wconf 72' lang='lat' dir='ltr'><strong>praemunitus</strong></span> <span class='ocrx_word' id='word_1_75' title='bbox 909 2010 985 2054; x_wconf 91' lang='lat' dir='ltr'><strong>cum</strong></span> <span class='ocrx_word' id='word_1_76' title='bbox 1008 1989 1203 2054; x_wconf 87' lang='lat' dir='ltr'><strong>difficultate</strong></span> <span class='ocrx_word' id='word_1_77' title='bbox 1227 1990 1344 2064; x_wconf 91' lang='lat' dir='ltr'><strong>evasit,</strong></span> <span class='ocrx_word' id='word_1_78' title='bbox 1378 1989 1477 2053; x_wconf 89' lang='lat' dir='ltr'><strong>relin-</strong></span> 
     </span>
     <span class='ocr_line' id='line_1_12' title="bbox 422 2091 1477 2177; baseline 0 -22"><span class='ocrx_word' id='word_1_79' title='bbox 422 2112 525 2176; x_wconf 89' lang='lat' dir='ltr'><strong>quens</strong></span> <span class='ocrx_word' id='word_1_80' title='bbox 564 2091 715 2156; x_wconf 89' lang='lat' dir='ltr'><strong>hostibus</strong></span> <span class='ocrx_word' id='word_1_81' title='bbox 753 2091 859 2177; x_wconf 90' lang='lat' dir='ltr'><strong>spolia</strong></span> <span class='ocrx_word' id='word_1_82' title='bbox 892 2091 1008 2157; x_wconf 86' lang='lat' dir='ltr'><strong>multa.</strong></span> <span class='ocrx_word' id='word_1_83' title='bbox 1055 2091 1185 2172; x_wconf 85' lang='lat' dir='ltr'><strong>Quibus</strong></span> <span class='ocrx_word' id='word_1_84' title='bbox 1216 2092 1370 2168; x_wconf 81' lang='lat' dir='ltr'><strong>collectis,</strong></span> <span class='ocrx_word' id='word_1_85' title='bbox 1404 2093 1477 2177; x_wconf 87' lang='lat' dir='ltr'><strong>jam</strong></span> 
     </span>
     <span class='ocr_line' id='line_1_13' title="bbox 421 2183 1477 2279; baseline 0.002 -23"><span class='ocrx_word' id='word_1_86' title='bbox 421 2193 547 2258; x_wconf 91' lang='lat' dir='ltr'><strong>nonin</strong></span> <span class='ocrx_word' id='word_1_87' title='bbox 571 2193 699 2258; x_wconf 88' lang='lat' dir='ltr'><strong>occulto</strong></span> <span class='ocrx_word' id='word_1_88' title='bbox 721 2197 761 2258; x_wconf 90' lang='lat' dir='ltr'><strong>ut</strong></span> <span class='ocrx_word' id='word_1_89' title='bbox 795 2194 888 2279; x_wconf 90' lang='lat' dir='ltr'><strong>prius</strong></span> <span class='ocrx_word' id='word_1_90' title='bbox 919 2183 978 2258; x_wconf 81' lang='lat' dir='ltr'><strong>sed</strong></span> <span class='ocrx_word' id='word_1_91' title='bbox 1000 2194 1111 2279; x_wconf 89' lang='lat' dir='ltr'><strong>palam</strong></span> <span class='ocrx_word' id='word_1_92' title='bbox 1147 2197 1379 2279; x_wconf 88' lang='lat' dir='ltr'><strong>processerunt</strong></span> <span class='ocrx_word' id='word_1_93' title='bbox 1400 2215 1477 2258; x_wconf 90' lang='lat' dir='ltr'><strong>con-</strong></span> 
     </span>
     <span class='ocr_line' id='line_1_14' title="bbox 250 2291 1477 2408; baseline 0 -48"><span class='ocrx_word' id='word_1_94' title='bbox 250 2291 354 2408; x_wconf 54' lang='grc' dir='ltr'><strong>ἐῗὲῧῗέ</strong></span> <span class='ocrx_word' id='word_1_95' title='bbox 421 2295 591 2360; x_wconf 85' lang='lat' dir='ltr'><strong>cludentes</strong></span> <span class='ocrx_word' id='word_1_96' title='bbox 630 2296 665 2358; x_wconf 91' lang='lat' dir='ltr'><strong>in</strong></span> <span class='ocrx_word' id='word_1_97' title='bbox 703 2317 759 2359; x_wconf 91' lang='lat' dir='ltr'><strong>ore</strong></span> <span class='ocrx_word' id='word_1_98' title='bbox 796 2295 900 2382; x_wconf 87' lang='lat' dir='ltr'><strong>gladii</strong></span> <span class='ocrx_word' id='word_1_99' title='bbox 934 2317 1047 2359; x_wconf 92' lang='lat' dir='ltr'><strong>omnes</strong></span> <span class='ocrx_word' id='word_1_100' title='bbox 1082 2296 1239 2383; x_wconf 82' lang='lat' dir='ltr'><strong>Anglicos</strong></span> <span class='ocrx_word' id='word_1_101' title='bbox 1273 2317 1354 2380; x_wconf 93' lang='lat' dir='ltr'><strong>quos</strong></span> <span class='ocrx_word' id='word_1_102' title='bbox 1386 2296 1477 2360; x_wconf 85' lang='lat' dir='ltr'><strong>ultra</strong></span> 
     </span>
     <span class='ocr_line' id='line_1_15' title="bbox 251 2373 1475 2488; baseline 0.002 -29"><span class='ocrx_word' id='word_1_103' title='bbox 251 2373 388 2488; x_wconf 69' lang='lat' dir='ltr'><strong>kill’maiiy</strong></span> <span class='ocrx_word' id='word_1_104' title='bbox 422 2419 513 2461; x_wconf 91' lang='lat' dir='ltr'><strong>mare</strong></span> <span class='ocrx_word' id='word_1_105' title='bbox 538 2396 657 2462; x_wconf 83' lang='lat' dir='ltr'><strong>Scotiae</strong></span> <span class='ocrx_word' id='word_1_106' title='bbox 680 2395 830 2461; x_wconf 87' lang='lat' dir='ltr'><strong>invenire</strong></span> <span class='ocrx_word' id='word_1_107' title='bbox 853 2401 1044 2482; x_wconf 90' lang='lat' dir='ltr'><strong>potuerunt,</strong></span> <span class='ocrx_word' id='word_1_108' title='bbox 1068 2397 1273 2462; x_wconf 73' lang='lat' dir='ltr'><strong>divertentes</strong></span> <span class='ocrx_word' id='word_1_109' title='bbox 1295 2402 1411 2483; x_wconf 86' lang='lat' dir='ltr'><strong>postea</strong></span> <span class='ocrx_word' id='word_1_110' title='bbox 1433 2399 1475 2462; x_wconf 87' lang='lat' dir='ltr'><strong>ad</strong></span> 
     </span>
     <span class='ocr_line' id='line_1_16' title="bbox 253 2490 1476 2586; baseline 0.006 -30"><span class='ocrx_word' id='word_1_111' title='bbox 253 2490 368 2556; x_wconf 73' lang='lat' dir='ltr'><strong>English.</strong></span> <span class='ocrx_word' id='word_1_112' title='bbox 422 2497 625 2562; x_wconf 86' lang='lat' dir='ltr'><strong>obsidionem</strong></span> <span class='ocrx_word' id='word_1_113' title='bbox 649 2503 841 2580; x_wconf 83' lang='lat' dir='ltr'><strong>castrorum.</strong></span> <span class='ocrx_word' id='word_1_114' title='bbox 888 2496 1029 2562; x_wconf 85' lang='lat' dir='ltr'><strong>Interim</strong></span> <span class='ocrx_word' id='word_1_115' title='bbox 1056 2498 1136 2562; x_wconf 92' lang='lat' dir='ltr'><strong>dum</strong></span> <span class='ocrx_word' id='word_1_116' title='bbox 1160 2499 1243 2563; x_wconf 85' lang='lat' dir='ltr'><strong>talia</strong></span> <span class='ocrx_word' id='word_1_117' title='bbox 1272 2502 1476 2586; x_wconf 90' lang='lat' dir='ltr'><strong>gererentur,</strong></span> 
     </span>
     <span class='ocr_line' id='line_1_17' title="bbox 422 2597 1477 2685; baseline 0 -20"><span class='ocrx_word' id='word_1_118' title='bbox 422 2599 634 2665; x_wconf 82' lang='lat' dir='ltr'><strong>Oarliolensis</strong></span> <span class='ocrx_word' id='word_1_119' title='bbox 657 2601 828 2685; x_wconf 88' lang='lat' dir='ltr'><strong>episcopus</strong></span> <span class='ocrx_word' id='word_1_120' title='bbox 851 2597 909 2664; x_wconf 83' lang='lat' dir='ltr'><strong>etl</strong></span> <span class='ocrx_word' id='word_1_121' title='bbox 924 2599 1035 2664; x_wconf 86' lang='lat' dir='ltr'><strong>oaeteri</strong></span> <span class='ocrx_word' id='word_1_122' title='bbox 1058 2598 1124 2663; x_wconf 85' lang='lat' dir='ltr'><strong>viri</strong></span> <span class='ocrx_word' id='word_1_123' title='bbox 1148 2600 1296 2684; x_wconf 88' lang='lat' dir='ltr'><strong>quicum</strong></span> <span class='ocrx_word' id='word_1_124' title='bbox 1319 2622 1358 2664; x_wconf 90' lang='lat' dir='ltr'><strong>eo</strong></span> <span class='ocrx_word' id='word_1_125' title='bbox 1380 2607 1477 2666; x_wconf 90' lang='lat' dir='ltr'><strong>erant</strong></span> 
     </span>
     <span class='ocr_line' id='line_1_18' title="bbox 251 2701 1476 2790; baseline 0.007 -31"><span class='ocrx_word' id='word_1_126' title='bbox 251 2709 409 2790; x_wconf 65' lang='lat' dir='ltr'><strong>Thabirhop</strong></span> <span class='ocrx_word' id='word_1_127' title='bbox 422 2701 456 2764; x_wconf 91' lang='lat' dir='ltr'><strong>in</strong></span> <span class='ocrx_word' id='word_1_128' title='bbox 491 2702 644 2786; x_wconf 86' lang='lat' dir='ltr'><strong>praesidio</strong></span> <span class='ocrx_word' id='word_1_129' title='bbox 678 2702 825 2766; x_wconf 87' lang='lat' dir='ltr'><strong>civitatis</strong></span> <span class='ocrx_word' id='word_1_130' title='bbox 860 2701 1007 2786; x_wconf 90' lang='lat' dir='ltr'><strong>ejusdem</strong></span> <span class='ocrx_word' id='word_1_131' title='bbox 1042 2705 1077 2766; x_wconf 92' lang='lat' dir='ltr'><strong>et</strong></span> <span class='ocrx_word' id='word_1_132' title='bbox 1113 2702 1223 2780; x_wconf 85' lang='lat' dir='ltr'><strong>castri,</strong></span> <span class='ocrx_word' id='word_1_133' title='bbox 1256 2703 1412 2767; x_wconf 87' lang='lat' dir='ltr'><strong>timentes</strong></span> <span class='ocrx_word' id='word_1_134' title='bbox 1434 2704 1476 2768; x_wconf 91' lang='lat' dir='ltr'><strong>de</strong></span> 
     </span>
     <span class='ocr_line' id='line_1_19' title="bbox 252 2777 1475 2890; baseline 0.003 -25"><span class='ocrx_word' id='word_1_135' title='bbox 252 2777 282 2826; x_wconf 72' lang='lat'><strong>0‘</strong></span> <span class='ocrx_word' id='word_1_136' title='bbox 292 2777 399 2830; x_wconf 54' lang='lat' dir='ltr'><strong>⁰2¹¹⁸¹e</strong></span> <span class='ocrx_word' id='word_1_137' title='bbox 422 2802 638 2868; x_wconf 79' lang='lat' dir='ltr'><strong>infelicitate²</strong></span> <span class='ocrx_word' id='word_1_138' title='bbox 661 2809 695 2868; x_wconf 77' lang='lat' dir='ltr'><strong>a</strong></span> <span class='ocrx_word' id='word_1_139' title='bbox 727 2803 951 2868; x_wconf 69' lang='lat' dir='ltr'><strong>sansana</strong></span> <span class='ocrx_word' id='word_1_140' title='bbox 973 2802 1098 2866; x_wconf 76' lang='lat' dir='ltr'><strong>domini</strong></span> <span class='ocrx_word' id='word_1_141' title='bbox 1130 2803 1268 2868; x_wconf 68' lang='lat' dir='ltr'><strong>sabeis</strong></span> <span class='ocrx_word' id='word_1_142' title='bbox 1292 2803 1333 2869; x_wconf 72' lang='lat' dir='ltr'><strong>de</strong></span> <span class='ocrx_word' id='word_1_143' title='bbox 1364 2803 1475 2890; x_wconf 67' lang='lat' dir='ltr'><strong>says</strong></span> 
     </span>
    </p>
   </div>
   <div class='ocr_carea' id='block_1_4' title="bbox 249 2855 1475 2990">
    <p class='ocr_par' dir='ltr' id='par_1_5' title="bbox 249 2855 1475 2990">
     <span class='ocr_line' id='line_1_20' title="bbox 249 2855 1475 2990; baseline 0.008 -29"><span class='ocrx_word' id='word_1_144' title='bbox 249 2855 391 2962; x_wconf 59' lang='lat' dir='ltr'><strong>blldldb</strong></span> <span class='ocrx_word' id='word_1_145' title='bbox 416 2904 561 2990; x_wconf 89' lang='lat' dir='ltr'><strong>junioris</strong></span> <span class='ocrx_word' id='word_1_146' title='bbox 584 2905 713 2971; x_wconf 88' lang='lat' dir='ltr'><strong>comitis</strong></span> <span class='ocrx_word' id='word_1_147' title='bbox 737 2905 777 2970; x_wconf 91' lang='lat' dir='ltr'><strong>de</strong></span> <span class='ocrx_word' id='word_1_148' title='bbox 801 2903 946 2988; x_wconf 84' lang='lat' dir='ltr'><strong>Karyk‚³</strong></span> <span class='ocrx_word' id='word_1_149' title='bbox 968 2905 1132 2968; x_wconf 89' lang='lat' dir='ltr'><strong>miserunt</strong></span> <span class='ocrx_word' id='word_1_150' title='bbox 1153 2911 1310 2970; x_wconf 89' lang='lat' dir='ltr'><strong>vocantes</strong></span> <span class='ocrx_word' id='word_1_151' title='bbox 1337 2927 1413 2970; x_wconf 92' lang='lat' dir='ltr'><strong>eum</strong></span> <span class='ocrx_word' id='word_1_152' title='bbox 1435 2912 1475 2970; x_wconf 88' lang='lat' dir='ltr'><strong>ut</strong></span> 
     </span>
    </p>
   </div>
   <div class='ocr_carea' id='block_1_5' title="bbox 245 2975 1477 4312">
    <p class='ocr_par' dir='ltr' id='par_1_6' title="bbox 245 2975 1477 4312">
     <span class='ocr_line' id='line_1_21' title="bbox 250 2975 1477 3096; baseline 0.002 -26"><span class='ocrx_word' id='word_1_153' title='bbox 250 2975 385 3095; x_wconf 48' lang='lat' dir='ltr'><strong>{mbo</strong></span> <span class='ocrx_word' id='word_1_154' title='bbox 420 3011 510 3071; x_wconf 86' lang='lat' dir='ltr'><strong>certo</strong></span> <span class='ocrx_word' id='word_1_155' title='bbox 533 3007 586 3071; x_wconf 91' lang='lat' dir='ltr'><strong>die</strong></span> <span class='ocrx_word' id='word_1_156' title='bbox 610 3006 740 3071; x_wconf 91' lang='lat' dir='ltr'><strong>veniret</strong></span> <span class='ocrx_word' id='word_1_157' title='bbox 762 3011 968 3070; x_wconf 78' lang='lat' dir='ltr'><strong>tractaturus</strong></span> <span class='ocrx_word' id='word_1_158' title='bbox 990 3027 1066 3070; x_wconf 87' lang='lat' dir='ltr'><strong>cum</strong></span> <span class='ocrx_word' id='word_1_159' title='bbox 1089 3007 1136 3071; x_wconf 89' lang='lat' dir='ltr'><strong>eis</strong></span> <span class='ocrx_word' id='word_1_160' title='bbox 1159 3007 1201 3072; x_wconf 92' lang='lat' dir='ltr'><strong>de</strong></span> <span class='ocrx_word' id='word_1_161' title='bbox 1223 3007 1365 3095; x_wconf 84' lang='lat' dir='ltr'><strong>negotiis</strong></span> <span class='ocrx_word' id='word_1_162' title='bbox 1388 3009 1477 3096; x_wconf 87' lang='lat' dir='ltr'><strong>regis</strong></span> 
     </span>
     <span class='ocr_line' id='line_1_22' title="bbox 246 3106 1475 3194; baseline 0.002 -22"><span class='ocrx_word' id='word_1_163' title='bbox 246 3123 368 3176; x_wconf 74' lang='lat' dir='ltr'><strong>younger.</strong></span> <span class='ocrx_word' id='word_1_164' title='bbox 420 3108 447 3171; x_wconf 91' lang='lat' dir='ltr'><strong>si</strong></span> <span class='ocrx_word' id='word_1_165' title='bbox 482 3113 594 3172; x_wconf 88' lang='lat' dir='ltr'><strong>tamen</strong></span> <span class='ocrx_word' id='word_1_166' title='bbox 626 3106 749 3171; x_wconf 87' lang='lat' dir='ltr'><strong>infide</strong></span> <span class='ocrx_word' id='word_1_167' title='bbox 783 3108 870 3194; x_wconf 88' lang='lat' dir='ltr'><strong>regis</strong></span> <span class='ocrx_word' id='word_1_168' title='bbox 902 3106 1006 3192; x_wconf 89' lang='lat' dir='ltr'><strong>ipsius</strong></span> <span class='ocrx_word' id='word_1_169' title='bbox 1044 3109 1286 3193; x_wconf 86' lang='lat' dir='ltr'><strong>perseverando</strong></span> <span class='ocrx_word' id='word_1_170' title='bbox 1317 3115 1475 3175; x_wconf 89' lang='lat' dir='ltr'><strong>maneret.</strong></span> 
     </span>
     <span class='ocr_line' id='line_1_23' title="bbox 420 3207 1473 3298; baseline 0.005 -26"><span class='ocrx_word' id='word_1_171' title='bbox 420 3207 485 3288; x_wconf 84' lang='lat' dir='ltr'><strong>Qui</strong></span> <span class='ocrx_word' id='word_1_172' title='bbox 509 3209 676 3274; x_wconf 90' lang='lat' dir='ltr'><strong>mandatis</strong></span> <span class='ocrx_word' id='word_1_173' title='bbox 708 3209 860 3275; x_wconf 88' lang='lat' dir='ltr'><strong>resistere</strong></span> <span class='ocrx_word' id='word_1_174' title='bbox 892 3231 960 3273; x_wconf 89' lang='lat' dir='ltr'><strong>non</strong></span> <span class='ocrx_word' id='word_1_175' title='bbox 993 3210 1128 3286; x_wconf 89' lang='lat' dir='ltr'><strong>audens,</strong></span> <span class='ocrx_word' id='word_1_176' title='bbox 1162 3212 1270 3290; x_wconf 38' lang='lat' dir='ltr'><strong>venit,</strong></span> <span class='ocrx_word' id='word_1_177' title='bbox 1287 3212 1330 3275; x_wconf 89' lang='lat' dir='ltr'><strong>ad</strong></span> <span class='ocrx_word' id='word_1_178' title='bbox 1365 3213 1473 3298; x_wconf 91' lang='lat' dir='ltr'><strong>ipsum</strong></span> 
     </span>
     <span class='ocr_line' id='line_1_24' title="bbox 419 3310 1474 3398; baseline 0.006 -25"><span class='ocrx_word' id='word_1_179' title='bbox 419 3310 505 3375; x_wconf 89' lang='lat' dir='ltr'><strong>diem</strong></span> <span class='ocrx_word' id='word_1_180' title='bbox 544 3333 619 3376; x_wconf 91' lang='lat' dir='ltr'><strong>curn</strong></span> <span class='ocrx_word' id='word_1_181' title='bbox 658 3311 747 3374; x_wconf 93' lang='lat' dir='ltr'><strong>omni</strong></span> <span class='ocrx_word' id='word_1_182' title='bbox 785 3311 909 3396; x_wconf 92' lang='lat' dir='ltr'><strong>populo</strong></span> <span class='ocrx_word' id='word_1_183' title='bbox 948 3310 1140 3388; x_wconf 80' lang='lat' dir='ltr'><strong>Galualliae,</strong></span> <span class='ocrx_word' id='word_1_184' title='bbox 1180 3317 1214 3376; x_wconf 94' lang='lat' dir='ltr'><strong>et</strong></span> <span class='ocrx_word' id='word_1_185' title='bbox 1248 3334 1350 3398; x_wconf 87' lang='lat' dir='ltr'><strong>supra</strong></span> <span class='ocrx_word' id='word_1_186' title='bbox 1381 3337 1474 3379; x_wconf 86' lang='lat' dir='ltr'><strong>sacra</strong></span> 
     </span>
     <span class='ocr_line' id='line_1_25' title="bbox 418 3412 1474 3500; baseline 0.006 -25"><span class='ocrx_word' id='word_1_187' title='bbox 418 3413 603 3496; x_wconf 75' lang='lat' dir='ltr'><strong>mysteria⁴</strong></span> <span class='ocrx_word' id='word_1_188' title='bbox 636 3412 774 3496; x_wconf 88' lang='lat' dir='ltr'><strong>juravit,</strong></span> <span class='ocrx_word' id='word_1_189' title='bbox 813 3417 848 3476; x_wconf 89' lang='lat' dir='ltr'><strong>et</strong></span> <span class='ocrx_word' id='word_1_190' title='bbox 877 3434 978 3498; x_wconf 90' lang='lat' dir='ltr'><strong>super</strong></span> <span class='ocrx_word' id='word_1_191' title='bbox 1006 3413 1155 3500; x_wconf 81' lang='lat' dir='ltr'><strong>gladium</strong></span> <span class='ocrx_word' id='word_1_192' title='bbox 1194 3416 1300 3480; x_wconf 87' lang='lat' dir='ltr'><strong>sancti</strong></span> <span class='ocrx_word' id='word_1_193' title='bbox 1339 3415 1474 3481; x_wconf 82' lang='lat' dir='ltr'><strong>Thomae</strong></span> 
     </span>
     <span class='ocr_line' id='line_1_26' title="bbox 414 3511 1473 3601; baseline 0.008 -26"><span class='ocrx_word' id='word_1_194' title='bbox 414 3511 641 3597; x_wconf 83' lang='lat' dir='ltr'><strong>juramentum</strong></span> <span class='ocrx_word' id='word_1_195' title='bbox 665 3515 835 3599; x_wconf 86' lang='lat' dir='ltr'><strong>praestitit,</strong></span> <span class='ocrx_word' id='word_1_196' title='bbox 858 3515 946 3598; x_wconf 91' lang='lat' dir='ltr'><strong>quod</strong></span> <span class='ocrx_word' id='word_1_197' title='bbox 970 3515 1041 3601; x_wconf 89' lang='lat' dir='ltr'><strong>regi</strong></span> <span class='ocrx_word' id='word_1_198' title='bbox 1071 3521 1186 3580; x_wconf 89' lang='lat' dir='ltr'><strong>nostro</strong></span> <span class='ocrx_word' id='word_1_199' title='bbox 1209 3522 1244 3582; x_wconf 91' lang='lat' dir='ltr'><strong>et</strong></span> <span class='ocrx_word' id='word_1_200' title='bbox 1266 3520 1336 3582; x_wconf 90' lang='lat' dir='ltr'><strong>suis</strong></span> <span class='ocrx_word' id='word_1_201' title='bbox 1357 3523 1473 3583; x_wconf 90' lang='lat' dir='ltr'><strong>contra</strong></span> 
     </span>
     <span class='ocr_line' id='line_1_27' title="bbox 418 3612 1471 3685; baseline 0.006 -7"><span class='ocrx_word' id='word_1_202' title='bbox 418 3612 533 3679; x_wconf 88' lang='lat' dir='ltr'><strong>Scotcs</strong></span> <span class='ocrx_word' id='word_1_203' title='bbox 557 3620 592 3679; x_wconf 94' lang='lat' dir='ltr'><strong>et</strong></span> <span class='ocrx_word' id='word_1_204' title='bbox 624 3637 736 3679; x_wconf 91' lang='lat' dir='ltr'><strong>omnes</strong></span> <span class='ocrx_word' id='word_1_205' title='bbox 771 3616 921 3680; x_wconf 89' lang='lat' dir='ltr'><strong>inimicos</strong></span> <span class='ocrx_word' id='word_1_206' title='bbox 956 3638 1033 3681; x_wconf 91' lang='lat' dir='ltr'><strong>suos</strong></span> <span class='ocrx_word' id='word_1_207' title='bbox 1056 3616 1201 3682; x_wconf 88' lang='lat' dir='ltr'><strong>fideliter</strong></span> <span class='ocrx_word' id='word_1_208' title='bbox 1232 3619 1402 3685; x_wconf 78' lang='lat' dir='ltr'><strong>assisteret</strong></span> <span class='ocrx_word' id='word_1_209' title='bbox 1437 3621 1471 3684; x_wconf 90' lang='lat' dir='ltr'><strong>in</strong></span> 
     </span>
     <span class='ocr_line' id='line_1_28' title="bbox 417 3715 1472 3806; baseline 0.002 -22"><span class='ocrx_word' id='word_1_210' title='bbox 417 3715 563 3784; x_wconf 73' lang='lat' dir='ltr'><strong>cusiliis</strong></span> <span class='ocrx_word' id='word_1_211' title='bbox 602 3721 636 3780; x_wconf 89' lang='lat' dir='ltr'><strong>et</strong></span> <span class='ocrx_word' id='word_1_212' title='bbox 681 3717 823 3792; x_wconf 84' lang='lat' dir='ltr'><strong>auxiliis,</strong></span> <span class='ocrx_word' id='word_1_213' title='bbox 874 3715 1061 3802; x_wconf 86' lang='lat' dir='ltr'><strong>damnaque</strong></span> <span class='ocrx_word' id='word_1_214' title='bbox 1106 3740 1168 3783; x_wconf 91' lang='lat' dir='ltr'><strong>sua</strong></span> <span class='ocrx_word' id='word_1_215' title='bbox 1216 3720 1392 3806; x_wconf 85' lang='lat' dir='ltr'><strong>impediret</strong></span> <span class='ocrx_word' id='word_1_216' title='bbox 1438 3723 1472 3785; x_wconf 92' lang='lat' dir='ltr'><strong>in</strong></span> 
     </span>
     <span class='ocr_line' id='line_1_29' title="bbox 417 3817 1473 3910; baseline 0.005 -26"><span class='ocrx_word' id='word_1_217' title='bbox 417 3823 543 3906; x_wconf 89' lang='lat' dir='ltr'><strong>quanto</strong></span> <span class='ocrx_word' id='word_1_218' title='bbox 581 3841 615 3882; x_wconf 90' lang='lat' dir='ltr'><strong>se</strong></span> <span class='ocrx_word' id='word_1_219' title='bbox 653 3823 764 3903; x_wconf 87' lang='lat' dir='ltr'><strong>posset</strong></span> <span class='ocrx_word' id='word_1_220' title='bbox 802 3839 863 3882; x_wconf 87' lang='lat' dir='ltr'><strong>sua</strong></span> <span class='ocrx_word' id='word_1_221' title='bbox 913 3817 1056 3883; x_wconf 78' lang='lat' dir='ltr'><strong>facultas</strong></span> <span class='ocrx_word' id='word_1_222' title='bbox 1095 3821 1283 3900; x_wconf 85' lang='lat' dir='ltr'><strong>extendere,</strong></span> <span class='ocrx_word' id='word_1_223' title='bbox 1321 3823 1473 3910; x_wconf 80' lang='lat' dir='ltr'><strong>factoque</strong></span> 
     </span>
     <span class='ocr_line' id='line_1_30' title="bbox 247 3920 1476 4014; baseline 0.009 -35"><span class='ocrx_word' id='word_1_224' title='bbox 247 3927 370 3994; x_wconf 72' lang='lat' dir='ltr'><strong>Hagnas</strong></span> <span class='ocrx_word' id='word_1_225' title='bbox 411 3924 603 4010; x_wconf 86' lang='lat' dir='ltr'><strong>juramento</strong></span> <span class='ocrx_word' id='word_1_226' title='bbox 627 3941 777 3986; x_wconf 89' lang='lat' dir='ltr'><strong>reversus</strong></span> <span class='ocrx_word' id='word_1_227' title='bbox 801 3925 851 3984; x_wconf 89' lang='lat' dir='ltr'><strong>est</strong></span> <span class='ocrx_word' id='word_1_228' title='bbox 874 3920 909 3984; x_wconf 92' lang='lat' dir='ltr'><strong>in</strong></span> <span class='ocrx_word' id='word_1_229' title='bbox 933 3921 1040 3984; x_wconf 90' lang='lat' dir='ltr'><strong>locum</strong></span> <span class='ocrx_word' id='word_1_230' title='bbox 1055 3943 1161 3987; x_wconf 89' lang='lat' dir='ltr'><strong>suum.</strong></span> <span class='ocrx_word' id='word_1_231' title='bbox 1208 3923 1253 3988; x_wconf 90' lang='lat' dir='ltr'><strong>Et</strong></span> <span class='ocrx_word' id='word_1_232' title='bbox 1275 3933 1476 4014; x_wconf 88' lang='lat' dir='ltr'><strong>congregato</strong></span> 
     </span>
     <span class='ocr_line' id='line_1_31' title="bbox 246 3993 1472 4112; baseline 0.004 -25"><span class='ocrx_word' id='word_1_233' title='bbox 246 3993 337 4111; x_wconf 51' lang='lat' dir='ltr'><strong>iffi„</strong></span> <span class='ocrx_word' id='word_1_234' title='bbox 349 4063 378 4112; x_wconf 84' lang='lat' dir='ltr'><strong>of</strong></span> <span class='ocrx_word' id='word_1_235' title='bbox 416 4025 538 4111; x_wconf 91' lang='lat' dir='ltr'><strong>populo</strong></span> <span class='ocrx_word' id='word_1_236' title='bbox 561 4029 600 4088; x_wconf 89' lang='lat' dir='ltr'><strong>ut</strong></span> <span class='ocrx_word' id='word_1_237' title='bbox 622 4023 762 4088; x_wconf 86' lang='lat' dir='ltr'><strong>colorem</strong></span> <span class='ocrx_word' id='word_1_238' title='bbox 786 4023 928 4109; x_wconf 88' lang='lat' dir='ltr'><strong>fingeret</strong></span> <span class='ocrx_word' id='word_1_239' title='bbox 950 4023 1111 4107; x_wconf 87' lang='lat' dir='ltr'><strong>processit</strong></span> <span class='ocrx_word' id='word_1_240' title='bbox 1133 4024 1167 4087; x_wconf 91' lang='lat' dir='ltr'><strong>in</strong></span> <span class='ocrx_word' id='word_1_241' title='bbox 1191 4030 1299 4089; x_wconf 88' lang='lat' dir='ltr'><strong>terras</strong></span> <span class='ocrx_word' id='word_1_242' title='bbox 1314 4024 1472 4093; x_wconf 89' lang='lat' dir='ltr'><strong>Willelmi</strong></span> 
     </span>
     <span class='ocr_line' id='line_1_32' title="bbox 245 4123 1472 4212; baseline 0.006 -26"><span class='ocrx_word' id='word_1_243' title='bbox 245 4125 284 4176; x_wconf 80' lang='lat' dir='ltr'><strong>his</strong></span> <span class='ocrx_word' id='word_1_244' title='bbox 297 4127 401 4196; x_wconf 80' lang='lat' dir='ltr'><strong>fidelity·</strong></span> <span class='ocrx_word' id='word_1_245' title='bbox 417 4125 564 4212; x_wconf 87' lang='lat' dir='ltr'><strong>Douglas</strong></span> <span class='ocrx_word' id='word_1_246' title='bbox 589 4129 622 4188; x_wconf 89' lang='lat' dir='ltr'><strong>et</strong></span> <span class='ocrx_word' id='word_1_247' title='bbox 653 4127 782 4209; x_wconf 86' lang='lat' dir='ltr'><strong>partem</strong></span> <span class='ocrx_word' id='word_1_248' title='bbox 807 4143 921 4186; x_wconf 86' lang='lat' dir='ltr'><strong>earum</strong></span> <span class='ocrx_word' id='word_1_249' title='bbox 955 4123 1137 4188; x_wconf 90' lang='lat' dir='ltr'><strong>combussit</strong></span> <span class='ocrx_word' id='word_1_250' title='bbox 1167 4124 1247 4212; x_wconf 86' lang='lat' dir='ltr'><strong>igni,</strong></span> <span class='ocrx_word' id='word_1_251' title='bbox 1272 4130 1307 4191; x_wconf 92' lang='lat' dir='ltr'><strong>et</strong></span> <span class='ocrx_word' id='word_1_252' title='bbox 1338 4149 1472 4193; x_wconf 84' lang='lat' dir='ltr'><strong>uxorem</strong></span> 
     </span>
     <span class='ocr_line' id='line_1_33' title="bbox 414 4222 1473 4312; baseline 0.003 -21"><span class='ocrx_word' id='word_1_253' title='bbox 414 4227 484 4309; x_wconf 84' lang='lat' dir='ltr'><strong>ejus</strong></span> <span class='ocrx_word' id='word_1_254' title='bbox 517 4231 551 4292; x_wconf 93' lang='lat' dir='ltr'><strong>et</strong></span> <span class='ocrx_word' id='word_1_255' title='bbox 582 4225 739 4312; x_wconf 88' lang='lat' dir='ltr'><strong>parvulos</strong></span> <span class='ocrx_word' id='word_1_256' title='bbox 772 4244 882 4288; x_wconf 88' lang='lat' dir='ltr'><strong>secum</strong></span> <span class='ocrx_word' id='word_1_257' title='bbox 905 4222 1049 4288; x_wconf 85' lang='lat' dir='ltr'><strong>adduxit</strong></span> <span class='ocrx_word' id='word_1_258' title='bbox 1083 4225 1118 4288; x_wconf 93' lang='lat' dir='ltr'><strong>in</strong></span> <span class='ocrx_word' id='word_1_259' title='bbox 1141 4226 1263 4290; x_wconf 90' lang='lat' dir='ltr'><strong>vallem</strong></span> <span class='ocrx_word' id='word_1_260' title='bbox 1298 4228 1473 4294; x_wconf 83' lang='lat' dir='ltr'><strong>Anandiae.</strong></span> 
     </span>
    </p>
   </div>
   <div class='ocr_carea' id='block_1_6' title="bbox 414 4325 1470 4412">
    <p class='ocr_par' dir='ltr' id='par_1_7' title="bbox 414 4325 1470 4412">
     <span class='ocr_line' id='line_1_34' title="bbox 414 4325 1470 4412; baseline 0 -18"><span class='ocrx_word' id='word_1_261' title='bbox 414 4329 490 4396; x_wconf 85' lang='lat' dir='ltr'><strong>Cito</strong></span> <span class='ocrx_word' id='word_1_262' title='bbox 524 4335 636 4392; x_wconf 87' lang='lat' dir='ltr'><strong>tamen</strong></span> <span class='ocrx_word' id='word_1_263' title='bbox 671 4331 747 4412; x_wconf 88' lang='lat' dir='ltr'><strong>post</strong></span> <span class='ocrx_word' id='word_1_264' title='bbox 780 4325 860 4388; x_wconf 89' lang='lat' dir='ltr'><strong>dum</strong></span> <span class='ocrx_word' id='word_1_265' title='bbox 890 4347 911 4389; x_wconf 93' lang='lat' dir='ltr'><strong>a</strong></span> <span class='ocrx_word' id='word_1_266' title='bbox 942 4325 1186 4412; x_wconf 86' lang='lat' dir='ltr'><strong>conspiratione</strong></span> <span class='ocrx_word' id='word_1_267' title='bbox 1214 4327 1388 4394; x_wconf 87' lang='lat' dir='ltr'><strong>Scotorum</strong></span> <span class='ocrx_word' id='word_1_268' title='bbox 1420 4353 1470 4394; x_wconf 90' lang='lat' dir='ltr'><strong>re-</strong></span> 
     </span>
    </p>
   </div>
   <div class='ocr_carea' id='block_1_7' title="bbox 1225 4519 1447 4526">
    <p class='ocr_par' dir='ltr' id='par_1_8' title="bbox 1225 4519 1447 4526">
     <span class='ocr_line' id='line_1_35' title="bbox 1225 4519 1447 4526; baseline 0 0"><span class='ocrx_word' id='word_1_269' title='bbox 1225 4519 1447 4526; x_wconf 71' lang='lat'><strong>——-——-—-</strong></span> 
     </span>
    </p>
   </div>
   <div class='ocr_carea' id='block_1_8' title="bbox 408 4623 1248 4840">
    <p class='ocr_par' dir='ltr' id='par_1_9' title="bbox 408 4623 1248 4840">
     <span class='ocr_line' id='line_1_36' title="bbox 446 4623 1193 4696; baseline -0.003 -17"><span class='ocrx_word' id='word_1_270' title='bbox 446 4631 453 4664; x_wconf 91' lang='lat'><strong>¹</strong></span> <span class='ocrx_word' id='word_1_271' title='bbox 472 4631 508 4696; x_wconf 83' lang='lat' dir='ltr'><strong>et]</strong></span> <span class='ocrx_word' id='word_1_272' title='bbox 528 4630 595 4679; x_wconf 80' lang='lat' dir='ltr'><strong>from</strong></span> <span class='ocrx_word' id='word_1_273' title='bbox 609 4629 660 4686; x_wconf 77' lang='lat' dir='ltr'><strong>A.;</strong></span> <span class='ocrx_word' id='word_1_274' title='bbox 680 4641 729 4675; x_wconf 90' lang='lat' dir='ltr'><strong>orn.</strong></span> <span class='ocrx_word' id='word_1_275' title='bbox 743 4625 797 4674; x_wconf 81' lang='lat' dir='ltr'><strong>MS.</strong></span> <span class='ocrx_word' id='word_1_276' title='bbox 995 4623 1006 4654; x_wconf 82' lang='lat'><strong>³</strong></span> <span class='ocrx_word' id='word_1_277' title='bbox 1024 4623 1122 4684; x_wconf 74' lang='lat' dir='ltr'><strong>Koril,</strong></span> <span class='ocrx_word' id='word_1_278' title='bbox 1134 4628 1193 4679; x_wconf 85' lang='lat' dir='ltr'><strong>MS.</strong></span> 
     </span>
     <span class='ocr_line' id='line_1_37' title="bbox 442 4701 1248 4776; baseline -0.005 -17"><span class='ocrx_word' id='word_1_279' title='bbox 442 4709 632 4776; x_wconf 70' lang='lat' dir='ltr'><strong>²infelicitate,</strong></span> <span class='ocrx_word' id='word_1_280' title='bbox 673 4707 732 4762; x_wconf 84' lang='lat' dir='ltr'><strong>A.;</strong></span> <span class='ocrx_word' id='word_1_281' title='bbox 771 4701 912 4769; x_wconf 71' lang='lat' dir='ltr'><strong>solicitata,</strong></span> <span class='ocrx_word' id='word_1_282' title='bbox 995 4703 1248 4766; x_wconf 74' lang='lat' dir='ltr'><strong>⁴Miaieric,MSS.</strong></span> 
     </span>
     <span class='ocr_line' id='line_1_38' title="bbox 408 4789 465 4840; baseline -0.035 0"><span class='ocrx_word' id='word_1_283' title='bbox 408 4789 465 4840; x_wconf 79' lang='lat' dir='ltr'><strong>MS.</strong></span> 
     </span>
    </p>
   </div>
   <div class='ocr_carea' id='block_1_9' title="bbox 0 0 1818 5784">
    <p class='ocr_par' dir='ltr' id='par_1_10' title="bbox 0 0 1818 5784">
     <span class='ocr_line' id='line_1_39' title="bbox 0 0 1818 5784; baseline 0 2"><span class='ocrx_word' id='word_1_284' title='bbox 0 0 1818 5784; x_wconf 95' lang='lat' dir='ltr'><strong> </strong></span> 
     </span>
    </p>
   </div>
  </div>
 </body>
</html>
