3625 5784
619 859 888 911 anronsmnusrs
911 859 1121 911 ouaouroou.
1322 848 1388 910 383

333 1047 486 1134 promisit
508 1047 538 1112 ei
562 1046 705 1112 fideliter
719 1047 800 1111 data
822 1047 888 1112 fide
912 1047 1002 1132 quod
1017 1046 1105 1112 infra
1126 1046 1252 1133 primas
1274 1046 1386 1110 decem

334 1150 556 1216 hebdomadas
579 1151 710 1215 veniret
732 1149 769 1212 in
792 1149 863 1234 ejus
885 1149 1050 1214 auxilium
1073 1171 1149 1214 cum
1172 1147 1386 1213 manuforti.

335 1253 412 1316 Non
457 1257 572 1316 tamen
616 1250 814 1336 adimplevit
859 1252 947 1336 quod
993 1249 1152 1336 promisit,
1198 1249 1386 1334 oblitusque

334 1355 513 1432 senectutis
548 1375 617 1418 sure
643 1353 810 1440 profectus
845 1357 896 1417 est
923 1352 1020 1438 apud
1055 1353 1271 1437 Berewycum
1311 1373 1385 1416 cum

332 1455 544 1519 festinatione
568 1459 671 1531 tanta,
707 1453 795 1538 qnod
830 1455 1019 1518 dextrarius
1051 1455 1087 1518 in
1109 1475 1176 1538 qno
1198 1454 1328 1518 sederat
1350 1453 1386 1516 in

333 1555 464 1620 stabulo
487 1555 628 1620 fratrum
662 1555 829 1618 Minorum
861 1554 990 1639 positus
1023 1575 1195 1640 uunquam
1227 1553 1385 1639 pabulum
1397 1554 1554 1606 Andretnes

331 1657 489 1745 gnstavit.
537 1657 666 1722 Deinde
689 1657 846 1742 processit
880 1657 923 1720 ad
957 1657 1064 1720 filium
1098 1658 1185 1743 regis
1215 1658 1252 1720 in
1274 1621 1540 1742 partesffilglmd

333 1759 494 1824 australes
549 1765 583 1825 et
629 1759 763 1844 reliquit
816 1759 959 1843 patriam
1014 1760 1149 1843 penitus
1195 1758 1385 1823 desolatam.
1398 1753 1478 1804 haste.

335 1861 437 1928 Facta
459 1862 526 1927 suit
549 1861 696 1927 confusio
719 1861 791 1926 hreo
814 1861 915 1926 tertio
938 1861 1013 1925 idus
1037 1860 1241 1948 Septembris
1263 1861 1388 1927 scilicet

334 1963 418 2028 feria
441 1969 568 2049 quarta.

377 2067 476 2130 Anno
498 2067 616 2153 gratiae
640 2080 820 2130 mccxcvn.
845 2069 924 2150 post
954 2065 1021 2128 ista
1051 2064 1195 2128 nefanda
1222 2065 1467 2150 principiam·
1483 2069 1555 2118 1297.

334 2167 473 2231 animati
504 2171 584 2232 sunt
606 2165 697 2231 Sooti
729 2170 763 2230 et
797 2167 896 2231 corda
919 2166 1105 2253 Anglorum
1139 2165 1278 2231 confusa
1299 2172 1387 2246 sunt.

333 2269 530 2356 Anglicique
564 2269 671 2333 nostri
694 2268 751 2352 qui
787 2273 1017 2332 remanserant
1038 2268 1074 2331 in
1097 2267 1264 2352 Berewyk
1294 2269 1387 2353 juste

334 2370 489 2434 timentes
519 2369 592 2445 sibi,
615 2369 770 2433 abierunt
792 2391 813 2432 a
836 2368 906 2433 looo
929 2390 990 2432 suo
1021 2391 1059 2433 eo
1082 2370 1170 2454 qnod
1204 2370 1386 2455 principem
1397 2384 1535 2434 'theseos

334 2491 401 2535 non
436 2470 597 2535 haberent
619 2491 678 2534 seu
710 2468 926 2534 defensorem.
973 2470 1018 2534 Et
1050 2471 1116 2535 cito
1138 2475 1215 2556 post
1246 2451 1541 2566 ingressifflq‘isffi

333 2579 413 2638 sunt
444 2595 517 2637 eam
556 2569 670 2637 Scoti1
701 2572 910 2636 invenientes
947 2593 1020 2635 eam
1051 2593 1189 2636 vacuam
1220 2577 1255 2636 et
1291 2533 1520 2657 quasimiabr.

334 2675 439 2760 scopis
472 2674 675 2739 mundatam.
721 2672 877 2738 Castrum
902 2676 1015 2736 tamen
1047 2677 1230 2737 tenuerunt
1253 2673 1385 2761 Anglici

334 2781 369 2840 et
398 2775 621 2840 defenderunt
654 2773 746 2840 illud.
792 2773 1096 2837 Northumbrenses
1131 2775 1232 2838 etiam
1267 2775 1385 2839 timore

334 2876 504 2962 perterriti
527 2878 771 2940 evacuaverant
794 2874 940 2960 patriam
963 2873 1006 2937 ab
1028 2874 1190 2938 uxoribus
1214 2879 1248 2939 et
1262 2896 1384 2960 paruu-

334 2977 375 3041 lis
398 2981 433 3041 et
455 2976 546 3040 omni
580 2975 809 3061 suppellectili,
841 2975 1014 3038 mittentes
1037 2996 1111 3038 cum
1147 2975 1195 3038 eis
1229 2975 1385 3038 animalia
1397 2984 1452 3060 Το0
1464 2984 1532 3060 Eng-

333 3099 437 3163 usque
481 3077 617 3142 Novum
656 3060 800 3141 castrum
841 3081 875 3140 et
913 3076 1052 3161 sparsim
1092 3097 1153 3162 per
1189 3077 1383 3162 provincias.
1397 3050 1533 3165 ppphreepre

334 3181 484 3265 Cumque
514 3179 572 3242 diu
604 3182 815 3242 morarentur
853 3177 944 3242 Scoti
981 3178 1017 3241 in
1056 3178 1179 3242 eisdem
1212 3177 1293 3243 locis
1325 3183 1482 3243 neosouth·

333 3282 434 3344 latius
472 3281 507 3344 in
546 3280 702 3366 Angliam
741 3278 984 3363 processissent,
1022 3278 1202 3343 credebant
1251 3279 1286 3342 in
1325 3279 1385 3344 hoc

334 3382 638 3448 Northumbrenses
671 3382 760 3466 ipsos
783 3380 870 3445 nolle
893 3379 976 3444 fines
1011 3401 1087 3444 suos
1110 3381 1248 3468 ingredi,
1272 3386 1306 3446 et
1339 3382 1545 3446 sicuutumrn

334 3485 376 3547 ad
414 3483 549 3568 propria
587 3482 726 3569 regressi
766 3486 845 3546 sunt
884 3480 1078 3545 reducentes
1116 3502 1227 3546 secum
1265 3453 1488 3569 omniaffil

166 3595 311 3662 Tayacol.
334 3587 421 3672 quod
445 3607 520 3650 oum
544 3583 634 3648 Scoti
658 3583 851 3648 didicissent
874 3605 933 3668 per
955 3582 1180 3667 exploratores
1203 3605 1289 3664 suos,
1307 3605 1386 3647 mox

163 3666 237 3714 ²⁵²⁰·
333 3694 368 3752 00
383 3689 477 3772 quasi
501 3687 645 3750 latenter
660 3681 959 3749 Northumbriam²
981 3685 1122 3772 ingressi
1137 3694 1226 3762 sunt,
1249 3686 1386 3750 circum·

332 3792 491 3876 gyrantes
514 3786 625 3850 subito
647 3785 789 3870 patriam
813 3789 1025 3870 peremerunt
1047 3783 1177 3862 multos,
1201 3790 1236 3850 et
1258 3787 1387 3871 praedas
1399 3787 1539 3836 whentne

332 3890 493 3954 maximas
531 3890 797 3974 asportaverunt.
845 3885 889 3951 Et
922 3892 1047 3950 extunc
1081 3890 1179 3951 erant
1212 3887 1304 3951 Scoti
1338 3889 1386 3951 in·
1400 3852 1555 3983 {ggfftffi

331 3991 518 4077 gredientes
542 3993 575 4053 et
591 3988 797 4075 egredientes
820 3987 863 4050 ad
880 3986 1014 4050 libitum
1031 3986 1191 4052 cubantes
1206 3988 1242 4051 in
1261 3987 1387 4053 foresta

332 4093 373 4157 <le
397 4091 649 4167 Reuthesburia,
671 4112 732 4154 nec
755 4093 827 4154 erat
850 4088 908 4173 qui
934 4092 1118 4152 exterreret
1134 4111 1195 4153 eos.
1242 4088 1284 4151 In
1306 4094 1387 4153 tem·

331 4215 410 4279 pore
433 4194 490 4257 illo
514 4191 656 4257 cessavit
689 4190 762 4254 laus
785 4189 838 4254 dei
863 4189 898 4252 in
922 4189 1076 4253 omnibus
1110 4190 1319 4254 monasteriis
1351 4194 1386 4254 et

331 4295 474 4360 ecclesiis
497 4295 601 4359 totius
624 4292 803 4378 provinciae
826 4313 847 4355 a
871 4290 970 4355 Novo
992 4295 1100 4354 castro
1123 4312 1223 4376 super
1252 4290 1383 4376 Tynam

331 4398 365 4460 in
390 4396 583 4461 Karliolum.
630 4394 801 4482 Fugerant
816 4393 904 4457 enim
917 4391 930 4429 ³
945 4414 966 4454 a
981 4390 1067 4455 facie
1084 4391 1258 4456 Scotorum
1274 4412 1388 4456 omnes
1465 4480 1470 4486 .

364 4547 456 4598 ¹Here
468 4563 502 4596 on
523 4545 584 4596 both
596 4545 708 4610 margins
727 4544 832 4595 isScotr'
916 4541 1060 4592 ⁸Hereou
1079 4544 1142 4593 both
1160 4542 1273 4610 margins
1292 4542 1314 4593 is
1333 4542 1391 4593 Μί-

329 4631 492 4676 vuslnverrmt
503 4631 552 4674 tres
563 4624 698 4674 comitales.
883 4621 957 4670 uirlrr'
968 4619 1197 4686 ercleaioefuyiuul.

361 4704 372 4736 ²
391 4707 459 4754 llere
471 4719 504 4753 on
521 4701 583 4751 both
603 4700 714 4767 margins
726 4700 747 4751 is
761 4701 833 4751 Scoti

329 4788 429 4832 restant
442 4780 658 4832 Norlhuurbriuur.
