3625 5784
625 815 894 866 carcasrsansrs
918 816 1127 866 canonicos.
1334 789 1397 870 3'71

341 1005 509 1092 plurimas,
541 1006 629 1070 inter
652 1027 734 1092 quas
757 1007 872 1070 villam
895 1008 936 1072 de
960 1005 1071 1093 Damp
1094 1009 1140 1072 sic
1170 1007 1295 1072 dictam
1321 1024 1430 1092 spo-E
1466 1023 1515 1100 lisa

340 1109 509 1174 liaveumt
547 1109 647 1173 etiam
682 1107 778 1174 bonis
811 1109 939 1188 ¹multis,
971 1114 1006 1174 et
1038 1116 1250 1195 peremerunt
1285 1111 1321 1174 in
1355 1091 1517 1220 eaffinffi

340 1209 516 1294 plusquam
546 1210 705 1275 ducentos
727 1210 817 1275 viros
847 1210 968 1276 electos
998 1212 1056 1296 qui
1086 1234 1121 1276 se
1155 1213 1262 1299 primo
1296 1212 1393 1276 dede-
1406 1223 1525 1284 Damae,

340 1317 418 1375 rant
439 1313 510 1399 regi
533 1316 647 1376 nostro
670 1311 706 1376 in
728 1312 835 1398 primo
854 1305 1003 1377 adventu
1026 1335 1095 1380 suo.
1141 1314 1237 1392 Quod
1260 1313 1393 1398 quidem
1406 1288 1536 1405 {dffis'

292 1477 295 1484 ,
340 1411 467 1478 factum
505 1413 648 1478 multum
692 1413 862 1498 displicuit
907 1415 987 1501 regi,
1025 1420 1060 1478 et
1086 1416 1256 1500 quosdam
1295 1415 1394 1502 hujus
1406 1437 1564 1487 annoyanee.

339 1515 470 1580 sceleris
493 1519 643 1580 auctores
661 1514 764 1599 jussit
787 1515 822 1578 in
845 1515 939 1580 furca
961 1517 1126 1602 suspendi.

385 1617 499 1682 Mense
538 1615 643 1680 Maii1
674 1617 820 1701 ejusdem
851 1618 941 1694 anni,
979 1619 1104 1683 scilicet
1141 1640 1229 1684 anno
1267 1621 1475 1684 dominini).
1490 1638 1564 1684 1290.

340 1734 464 1784 uooxo
503 1716 612 1807 gens²
636 1718 809 1784 Scotorum
847 1719 974 1804 perlida
1011 1720 1170 1785 rebellare
1192 1723 1295 1807 eoepit
1332 1722 1394 1787 hoc
1406 1724 1540 1801 netelton

340 1820 446 1886 modo,
493 1821 610 1886 Comes
644 1821 686 1885 de
710 1819 877 1884 Warenna
913 1821 966 1886 eui
990 1843 1050 1885 rex
1085 1827 1199 1888 noster
1221 1844 1335 1888 curam
1357 1791 1516 1907 etffll

338 1923 523 1988 custodiam
558 1923 662 1988 totius
697 1923 791 2010 regni
825 1921 946 1988 Sootiac
980 1923 1052 1989 vice
1090 1945 1151 1989 sua
1188 1929 1223 1990 et
1260 1927 1393 1991 nomine

339 2026 548 2090 commiserat
586 2025 831 2111 corruptionem
868 2025 955 2090 aeris
991 2047 1130 2091 causans
1167 2027 1256 2092 dixit
1287 2049 1322 2092 se
1345 2028 1393 2093 ibi

340 2147 407 2190 non
429 2148 524 2212 posse
555 2148 688 2192 manere
711 2147 786 2192 cum
817 2127 979 2205 sonitate3
1001 2128 1189 2212 mansitque
1211 2129 1246 2193 in
1269 2129 1465 2216 Anglialtarl

340 2228 375 2291 in
389 2233 493 2313 parte
516 2232 630 2293 tomen
660 2227 825 2312 aquilonis
849 2232 883 2292 el·
905 2227 1017 2292 hostes
1039 2229 1212 2294 exulantes
1246 2231 1393 2318 segniter
1404 2212 1556 2330 ffi‘ffeffid

340 2335 534 2414 prosecutus
567 2335 629 2407 cst,
661 2329 750 2415 quod
779 2328 848 2393 fuit
870 2329 965 2394 nobis
988 2330 1024 2392 in
1046 2335 1217 2414 posterum
1250 2330 1326 2396 fons
1358 2336 1393 2397 et
1405 2351 1432 2394 to
1444 2345 1512 2411 Eng-

340 2432 433 2519 origo
455 2432 567 2519 magni
590 2431 678 2496 mali.
724 2430 963 2495 Thesaurarius
993 2432 1094 2522 etiam
1121 2433 1209 2519 regis
1239 2412 1474 2498 dominusland.

342 2533 442 2621 Hugo
465 2534 506 2598 de
530 2531 780 2621 Oresbyngham
795 2532 893 2597 homo
917 2553 1093 2618 pomposus
1117 2539 1151 2598 et
1174 2533 1281 2597 elatus
1296 2535 1394 2600 valde

339 2635 513 2721 pecuniam
548 2635 676 2711 dilexit,
700 2643 734 2700 et
755 2656 888 2699 murum
912 2635 1079 2718 lapideum
1106 2655 1204 2720 quem
1235 2636 1305 2720 ipse
1337 2637 1395 2700 do-

340 2739 451 2802 minus
478 2759 538 2802 rex
568 2759 692 2801 novum
726 2737 889 2801 fossatum
920 2736 1011 2821 apud
1048 2734 1218 2820 Berwyk³
1247 2739 1394 2802 construi
1409 2751 1564 2814 Neglectcn

341 2845 544 2925 praeceperat
581 2860 648 2904 non
685 2839 881 2914 construxit,
920 2838 1009 2922 quod
1046 2838 1170 2902 nostris
1208 2839 1321 2903 evenit
1358 2839 1394 2903 in
1406 2818 1449 2932 Ἐξ
1459 2818 1558 2948 {ff

341 2941 542 3019 scandalum,
564 2945 604 3004 ut
626 2940 755 3025 patebit
777 2938 927 3004 inferius.
972 2939 1185 3004 Justiciarius
1204 2961 1283 3005 vero
1306 2941 1393 3028 regis
1406 2955 1541 2999 treesurer.

340 3043 495 3107 dominus
518 3042 705 3107 Willelmus
740 3040 893 3125 Ornesby
924 3046 1127 3127 praeceptum
1161 3042 1249 3130 regis
1281 3064 1392 3128 prose·
1405 3052 1559 3130 mauringo

343 3165 456 3228 (luens,
507 3165 621 3209 omnes
664 3143 721 3228 qui
760 3142 956 3207 fidelitatem
994 3143 1065 3230 regi
1104 3143 1236 3230 Angliae
1284 3119 1539 3236 facerefflffl

342 3245 518 3310 noluerant
555 3244 679 3330 absque
717 3265 932 3330 personarum
975 3245 1188 3310 distinctione
1226 3246 1392 3311 exulabat.
1405 3253 1479 3330 thpse
1490 3252 1547 3302 who

345 3347 514 3434 Eratque⁴
552 3349 686 3432 quidam
719 3347 807 3412 latro
845 3347 997 3432 publicus
1035 3346 1221 3412 Willelmus
1259 3319 1520 3435 waleysglfflgle

342 3451 474 3514 nomine
513 3451 570 3534 qui
604 3448 719 3513 multis
748 3448 953 3535 temporibus
983 3449 1197 3528 exulaverat;
1227 3448 1282 3515 hic
1313 3455 1394 3515 tuno
1407 3450 1507 3501 cathos

340 3552 487 3616 existens
510 3573 615 3639 vagus
638 3553 673 3616 et
694 3550 854 3638 profugus
869 3570 982 3615 omnes
1005 3551 1178 3616 exulantes
1200 3552 1394 3617 convocavit
1406 3517 1486 3657 {till
1489 3556 1511 3656 'f

341 3654 385 3718 ad
420 3675 462 3730 se,
497 3660 531 3718 et
553 3654 664 3718 faetus
687 3663 738 3716 cst
760 3653 855 3737 quasi
888 3653 1049 3738 princeps
1082 3657 1117 3718 et
1150 3660 1328 3718 creverunt
1359 3655 1395 3718 in
1407 3623 1521 3724 nilida

344 3755 501 3840 populum
539 3755 691 3819 multum.
750 3753 839 3817 Hine
878 3753 980 3818 etiam
1030 3755 1213 3819 associatus
1250 3760 1301 3819 est
1339 3756 1395 3821 ille
1408 3741 1532 3800 W¹¹¹¹⁸⁰‘·'’

343 3857 436 3921 miles
467 3856 660 3920 Willelmus
691 3854 841 3942 Douglas
880 3855 939 3939 qui
976 3856 1012 3918 in
1050 3856 1203 3940 captione
1215 3857 1320 3921 castri
1345 3858 1388 3922 de

345 3957 491 4042 Berwyk
524 3980 559 4022 se
591 3979 666 4022 cum
702 3957 770 4021 suis
797 3956 867 4044 regi
890 3961 1004 4021 nostro
1036 3957 1174 4022 dederat
1207 3957 1299 4022 salva
1333 3959 1397 4022 sibi

344 4061 415 4126 vita
447 4066 481 4125 et
513 4059 680 4136 membris,
702 4063 742 4124 ut
764 4057 991 4144 supradictum
1015 4064 1073 4134 est,
1096 4079 1194 4143 quem
1227 4080 1303 4123 cum
1336 4081 1397 4124 rex

343 4163 386 4226 ad
423 4163 534 4226 omnia
571 4160 781 4237 restituisset,
815 4159 922 4224 factus
960 4164 1012 4223 est
1049 4159 1196 4223 omnium
1234 4158 1395 4224 bonorum
1408 4183 1460 4232 ana

342 4263 522 4341 immemor,
557 4263 667 4348 sieque
699 4262 786 4326 latro
817 4261 939 4325 latroni
973 4259 1117 4325 sociatus
1146 4265 1206 4336 est,
1242 4259 1396 4326 liberato·
1409 4248 1534 4381 ἘΟἘἘἘ

377 4488 385 4519 ¹
402 4488 479 4553 Moy,
490 4487 547 4538 MS.
930 4485 940 4517 ³
958 4482 1075 4542 Berwck,
1086 4482 1143 4534 MS.

375 4567 386 4600 ²
404 4569 474 4618 Here
485 4583 519 4617 on
535 4567 598 4618 both
609 4565 722 4632 margins
740 4564 761 4614 is
776 4565 846 4616 scoti
930 4565 941 4595 ⁴
959 4562 1028 4612 Here
1040 4577 1074 4611 on
1092 4562 1154 4612 both
1175 4561 1288 4628 margins
1299 4562 1320 4613 is
1339 4563 1401 4613 Wil-

343 4650 722 4712 inrurrexeruatooalrareqcm
735 4643 846 4694 Edwcr·
896 4640 984 4692 telana
1015 4637 1118 4704 waleys
1149 4649 1283 4705 conpr-aput
1313 4641 1400 4694 Sestos

341 4726 405 4776 dum.
897 4718 980 4770 exules
991 4725 1077 4770 contra
1089 4736 1179 4784 recept.

1159 4815 1266 4880 aar
