3625 5784
587 894 855 951 usucssrsussts
878 899 1088 947 canonicos.
1329 883 1370 948 27

316 1110 493 1175 campanas
531 1089 679 1155 civitatis
717 1089 915 1174 compulsari
950 1090 986 1152 in
1020 1087 1073 1154 dei
1108 1088 1240 1155 laudem
1273 1109 1373 1174 quam

316 1193 416 1258 citius
462 1194 577 1279 coegit.
639 1193 732 1258 Tunc
771 1193 868 1277 Gydo
910 1199 945 1257 et
986 1192 1209 1258 (lolibrandus
1248 1192 1376 1256 talibus

319 1295 440 1360 ictibus
462 1295 727 1360 colluctabantur
741 1295 830 1380 quod
851 1316 983 1359 omnem
1007 1295 1129 1358 vallem
1151 1294 1230 1358 inde
1253 1293 1535 1425 1·eduu·Thefipatt1e

1391 1390 1439 1424 con
1477 1391 1523 1425 lm

318 1396 396 1461 darc
419 1397 658 1483 compulerunt,
682 1402 717 1462 et
740 1418 843 1482 usque
876 1397 1076 1461 densitatem
1101 1396 1249 1461 obscurae
1271 1395 1378 1460 noctis
1392 1441 1431 1490 tm
1442 1440 1523 1507 night.

319 1498 421 1564 duelli
455 1500 650 1565 exercitium
684 1500 974 1565 continuaverunt.
1032 1497 1254 1564 Oolibrandus
1289 1499 1378 1562 tanti

319 1602 489 1690 sanguinis
511 1603 698 1668 minutione
713 1603 887 1668 contabuit
910 1603 951 1666 de
975 1601 1146 1667 evulsione
1169 1623 1287 1667 manus
1309 1621 1377 1665 suas

320 1705 410 1790 quod
434 1705 549 1768 vultus
583 1704 685 1790 coepit
719 1705 901 1770 decrescere
936 1726 1011 1768 cum
1045 1703 1181 1768 viribus.
1229 1703 1376 1767 Tandem

320 1826 399 1871 vero
422 1804 518 1891 Gydo
549 1811 645 1871 tanto
668 1806 853 1871 vibramine
885 1805 989 1892 gladii
1020 1828 1095 1871 cum
1128 1806 1219 1871 omni
1254 1811 1377 1871 conatu
1390 1833 1529 1901 Atlangtn

320 1907 428 1992 ipsum
451 1907 609 1993 impetiit,
633 1908 721 1994 quod
745 1913 847 1993 caput
867 1928 941 1973 cum
957 1907 1053 1993 galea
1075 1930 1096 1973 a
1117 1907 1202 1973 eollo
1226 1907 1377 1972 evulsum
1391 1900 1530 2018 ffllilffld

320 2009 356 2073 in
378 2014 500 2074 terram
524 2009 670 2094 projecit.
718 2009 822 2094 Cujus
845 2008 995 2074 victorie
1021 2009 1170 2096 tripudio
1193 2014 1266 2075 tota
1288 2014 1380 2074 terra
1506 2007 1512 2018 '

320 2109 451 2196 Angliae
474 2111 597 2196 quictis
619 2116 654 2176 et
675 2110 842 2176 libertatis
873 2109 914 2175 de
944 2110 1072 2176 Danico
1103 2133 1180 2198 rege
1209 2109 1379 2197 gaudebat

321 2211 424 2277 illseso
446 2211 631 2300 privilegio,
654 2213 758 2278 donec
780 2234 840 2277 rex
863 2211 976 2278 Daciae
1000 2213 1151 2279 Canutus
1175 2213 1379 2299 conquisivit
1391 2229 1509 2295 langland

321 2335 460 2400 regnum
483 2315 614 2402 Angliec
645 2315 685 2380 de
718 2314 895 2380 Edmundo
919 2315 1024 2379 ferreo
1047 2315 1158 2395 latere,
1181 2316 1269 2380 sicut
1291 2297 1535 2416 infra{ffg³1s‚¹ffi{s
1640 2309 1643 2314 ’

321 2415 451 2501 patebit
484 2437 543 2481 suo
581 2415 659 2481 loco.
716 2416 791 2481 Rex
822 2415 1044 2481 Athelstanus
1075 2423 1151 2503 post
1184 2416 1489 2502 predicando..

322 2517 495 2583 victoriam
517 2538 657 2604 regnum
673 2517 805 2604 Angliae
828 2539 887 2604 per
909 2523 1036 2604 septem
1051 2540 1155 2584 annos
1177 2518 1379 2604 gubernavit
1391 2497 1474 2615 affl?

321 2617 418 2684 laude
441 2617 559 2705 plenus
582 2624 617 2683 et
642 2619 679 2682 in
701 2617 862 2684 abbathia
893 2619 934 2684 de
965 2619 1190 2704 Malmysbure
1223 2619 1380 2706 regaliter

318 2721 409 2809 jacet
431 2720 598 2786 humatus.

367 2823 441 2898 Rex
474 2844 554 2889 vero
587 2823 736 2889 Haveloc
771 2828 922 2888 mortuus
950 2823 1042 2908 jacet
1074 2823 1255 2890 Londoniae
1288 2823 1379 2910 apud
1393 2846 1520 2899 Demos

325 2933 476 2993 sanctum
500 2926 641 2991 Paulum
664 2932 700 2992 et
715 2926 846 2992 dotavit
868 2924 955 2992 filios
970 2947 1046 2990 suos
1070 2927 1157 2992 sicut
1172 2928 1299 2992 dictum
1319 2933 1379 3004 est,
1391 2914 1533 2964 Haveloek.

323 3034 398 3115 post
420 3029 514 3114 cujus
545 3022 685 3094 mortem
714 3029 808 3092 venit
832 3027 983 3094 Canutus
1006 3027 1097 3092 filius
1121 3027 1250 3113 ejusde
1274 3028 1379 3093 Dacia

325 3136 364 3195 ut
385 3130 593 3196 antedictum
616 3136 668 3195 est
691 3134 725 3194 et
747 3131 902 3216 regnavit
937 3151 1012 3195 cum
1035 3128 1168 3207 honore,
1203 3134 1237 3195 et
1259 3130 1379 3196 habuit

325 3238 475 3298 sanctum
510 3231 723 3296 Edmundum
756 3253 866 3318 regem
901 3235 937 3296 et
969 3231 1142 3296 martirem
1176 3232 1212 3296 in
1250 3254 1379 3298 summo

324 3333 455 3401 honore.
501 3333 590 3397 Nam
614 3333 746 3399 dotavit
769 3333 938 3398 ecclesiam
961 3334 1067 3398 sancti
1091 3333 1260 3399 Edmundi
1282 3334 1381 3400 terris
1394 3347 1504 3400 cissos

326 3443 359 3503 et
380 3435 639 3523 possessionibus
661 3441 762 3521 atque
785 3435 1002 3500 libertatibus
1028 3436 1282 3522 quamplurimis
1307 3437 1380 3522 qui·
1394 3416 1530 3469 ΟΜΝ

326 3539 387 3604 bus
421 3537 530 3605 adhuc
561 3538 717 3624 gaudent.
764 3537 854 3603 Nam
888 3558 992 3623 quum
1025 3543 1160 3605 sanctus
1184 3539 1380 3604 Edmundus
1393 3482 1543 3600 ppesppffip

327 3640 459 3707 recessit
481 3640 523 3705 de
551 3638 662 3704 Priore
688 3638 729 3703 de
756 3637 1004 3724 Kristekyrke¹
1025 3660 1100 3724 quac
1123 3644 1173 3705 est
1199 3640 1379 3706 Londoniae
1392 3617 1480 3665 mund.

327 3741 384 3807 ubi
410 3740 519 3828 jacuit
549 3741 735 3806 tumulatus
766 3763 825 3828 per
849 3763 929 3806 xxv.
955 3762 1060 3806 annos
1090 3748 1166 3828 post
1195 3743 1380 3829 passionem

327 3865 420 3910 suam
443 3845 479 3908 in
502 3843 600 3908 bosco
623 3842 744 3909 Hoxne
761 3864 835 3928 quae
860 3849 912 3910 est
936 3844 972 3908 in
996 3842 1214 3922 Southfolke,²
1229 3852 1264 3910 ct
1285 3845 1381 3910 venit

154 3950 244 4014 Tm·
256 3948 304 3998 ool
328 3946 370 4012 ad
384 3947 493 4012 locum
516 3944 576 4009 ubi
587 3945 678 4030 jacet
694 3964 782 4009 nunc
805 3945 863 4030 qui
886 3951 964 4010 ante
977 3945 1158 4012 adventum
1175 3952 1314 4013 vocatus
1330 3952 1382 4012 est
1395 3951 1519 4002 Remove

152 4019 232 4068 '⁸²⁵'
329 4046 559 4114 Beritheforde
571 4045 605 4126 ;3
635 4050 750 4134 postca
772 4067 832 4132 per
854 4053 988 4113 centum
1013 4068 1117 4114 anuos
1142 4055 1176 4113 et
1203 4048 1382 4115 dimidium
1396 4018 1533 4135 ffiff'

329 4150 529 4236 etamplius
554 4147 629 4214 laici
655 4153 691 4213 et
715 4148 877 4214 seculares
901 4149 1140 4216 ministrabant
1170 4171 1280 4218 coram
1312 4148 1510 4266 cor-perpetis

328 4275 406 4338 pore
437 4251 544 4317 sancti
567 4249 737 4316 Edmundi
769 4272 873 4337 usque
908 4251 952 4316 ad
984 4257 1116 4338 tempus
1148 4273 1214 4338 quo
1246 4260 1381 4320 sanctus
1406 4233 1422 4267 ⁰
1468 4253 1475 4267 '

330 4353 530 4418 Benedictus
567 4351 633 4417 fuit
670 4352 772 4418 abbas
796 4353 836 4417 de
869 4351 972 4417 Holm
995 4353 1032 4416 in
1055 4353 1287 4432 Northfolke,⁴
1309 4355 1382 4439 ipso
1397 4375 1494 4426 Menke

331 4460 477 4542 tempore
514 4454 606 4520 misit
643 4455 856 4521 medietatem
896 4459 1080 4521 conventus
1119 4457 1171 4519 sui
1209 4455 1253 4518 ed
1287 4455 1382 4520 illum
1396 4441 1463 4559 {22¹}
1475 4441 1553 4492 ¹³⁰¹¹¹¹

330 4555 437 4624 locum
460 4557 583 4624 servire
611 4557 672 4623 deo
696 4558 796 4645 digne
820 4563 854 4624 ct
876 4557 1028 4644 religiose
1050 4557 1138 4622 eirca
1159 4577 1278 4644 corpus
1300 4579 1384 4644 pree·
1398 4575 1500 4628 thither.

364 4759 372 4792 ¹
393 4757 579 4823 Cristesltyrke,
592 4759 626 4810 A.
914 4757 924 4790 ³
943 4755 1142 4822 Betrittrp'orde,
1154 4761 1189 4808 A.

364 4837 374 4870 ²
392 4836 502 4904 Suffolc,
513 4837 547 4887 Δ.
914 4838 924 4869 ⁴
941 4837 1086 4903 Nortlsolc,
1099 4841 1133 4889 Λ.
