3625 5784
641 870 914 923 narcasrseusrs
937 872 1145 926 cssourcou.
1350 862 1412 926 341

361 1062 472 1122 autem
495 1056 581 1125 facto
604 1082 680 1125 cum
702 1060 805 1146 Angli
832 1062 868 1125 in
891 1067 1037 1127 castrum
1068 1063 1192 1127 irruere
1216 1061 1412 1139 voluissent,

361 1160 530 1243 petierunt
551 1160 681 1227 Picardi
711 1162 860 1229 inducias
891 1164 1061 1243 triduoles‚
1085 1168 1124 1229 ut
1158 1163 1258 1228 misso
1290 1163 1412 1229 nuncio

360 1260 616 1347 Burdegoliam¹
638 1264 667 1327 si
689 1264 726 1327 in
748 1286 861 1329 eorum
895 1287 963 1330 non
988 1266 1142 1330 venirent
1172 1266 1347 1341 auxilium,
1377 1286 1412 1329 se

360 1364 474 1428 statim
508 1364 684 1428 redderent
718 1365 842 1450 absque
873 1365 983 1430 dubio.
1042 1366 1143 1431 Misso
1174 1368 1279 1453 igitur
1309 1387 1412 1452 puero
1424 1368 1480 1447 The

359 1464 530 1531 remandat
553 1466 601 1531 eis
623 1466 884 1532 constabularius
899 1468 941 1532 de
964 1469 1122 1534 Burdeux
1137 1473 1172 1534 et
1185 1468 1413 1535 marischallus
1425 1436 1558 1565 {fflsslp

360 1568 508 1633 Franciae
545 1569 634 1653 quod
673 1569 723 1633 ita
763 1569 963 1635 festinanter
994 1572 1109 1635 venire
1143 1592 1211 1637 non
1246 1575 1413 1657 poterant,
1426 1568 1493 1617 from
1504 1570 1569 1619 Bor.

359 1668 460 1734 immo
483 1691 518 1734 se
541 1670 754 1735 defenderent
776 1675 811 1735 et
834 1672 977 1736 viriliter
999 1670 1213 1750 resisterent,2
1242 1674 1408 1759 praecipue
1427 1636 1518 1685 deaux.

360 1792 435 1837 cum
456 1772 614 1836 haberent
637 1771 798 1839 victualis
828 1778 863 1837 et
896 1778 1016 1839 caetera
1050 1796 1189 1861 quasque
1225 1774 1409 1839 necessaria

359 1894 419 1959 pro
452 1878 601 1960 tempore
626 1874 784 1941 semestri.
842 1875 917 1955 Quo
949 1876 1065 1940 audito
1099 1877 1214 1941 statim
1249 1876 1416 1941 dederunt

360 1996 395 2038 se
416 1974 490 2051 sibi,
524 1975 627 2041 salvis
663 1976 738 2040 vita
772 1981 808 2041 et
841 1976 1009 2054 membris,
1046 1978 1139 2061 equis
1171 1983 1206 2042 et
1239 1978 1349 2055 armis,
1381 1982 1415 2042 ot
1428 1983 1515 2063 yvhan
1526 1983 1545 2034 it

362 2076 517 2142 abierunt
539 2077 575 2169 in
598 2099 686 2163 pace.
732 2077 813 2143 Post
837 2078 907 2142 dies
943 2084 1016 2144 octo
1049 2079 1171 2144 reversi
1206 2084 1286 2145 sunt
1307 2079 1413 2145 nostri
1427 2050 1570 2181 fflffil’

361 2179 404 2243 ad
418 2180 535 2244 urbem
550 2180 592 2245 de
606 2178 759 2265 Blayve³
773 2201 848 2265 quse
866 2181 976 2247 distat
999 2202 1019 2245 a
1035 2180 1146 2267 Burgo
1161 2201 1221 2267 per
1244 2183 1280 2268 ij.
1297 2182 1416 2261 leucos,
1428 2185 1527 2234 render.

362 2285 396 2345 et
441 2281 536 2365 quasi
573 2281 696 2347 similes
746 2286 881 2368 treugas
929 2282 1100 2367 petierunt
1146 2288 1335 2360 castrenses,
1382 2287 1417 2349 et

361 2382 579 2461 habuerunt;
610 2384 669 2447 sed
708 2404 776 2448 non
814 2383 968 2448 veniente
1006 2384 1132 2448 auxilio
1171 2385 1336 2450 dederunt
1368 2406 1411 2449 se.

363 2485 634 2571 Inveneruntque
666 2486 773 2550 nostri
805 2486 967 2551 victualia
997 2485 1104 2550 multa
1134 2486 1170 2549 in
1200 2486 1283 2551 mbe
1315 2491 1350 2550 et
1380 2486 1417 2549 in

363 2592 480 2662 castro,
503 2592 538 2651 et
569 2587 659 2652 dolia
691 2587 764 2651 vini
798 2587 929 2653 circiter
963 2588 1064 2651 mmd.
1101 2592 1135 2652 et
1170 2588 1419 2652 constituerunt

363 2689 465 2775 Angli
503 2693 578 2775 post
615 2690 686 2755 dies
723 2689 852 2774 aliquot
896 2688 1048 2753 custodes
1093 2690 1233 2754 istarum
1280 2688 1415 2753 urbium
1430 2702 1551 2767 aguero

366 2788 621 2855 fortissimamm
658 2789 829 2854 dominum
865 2789 1031 2875 Rogerum
1070 2789 1110 2853 de
1157 2788 1338 2868 Mortimer,
1385 2767 1578 2900 etssffgffi}

368 2892 538 2956 dominum
561 2891 741 2957 Ricardum
757 2891 798 2956 de
821 2890 912 2977 Boys
935 2912 1010 2956 cum
1037 2891 1158 2977 populo
1181 2897 1278 2957 terrae
1302 2892 1418 2958 multo.
1433 2902 1522 2965 Blaye.

367 2994 412 3059 Et
433 2993 575 3081 profecti
608 2999 688 3058 sunt
719 3014 824 3079 usque
858 2993 1018 3058 Burdeux
1053 3015 1127 3079 quae
1163 2994 1268 3058 distat
1303 3014 1419 3080 perv.

366 3095 484 3173 leucas,
507 3099 765 3181 manseruntque
798 3096 835 3159 in
865 3094 1019 3181 opposito
1061 3094 1209 3160 civitatis
1252 3094 1342 3159 illius
1384 3095 1420 3160 in

366 3198 504 3263 flumine
533 3198 575 3262 de
605 3198 760 3263 Gerunda
790 3219 849 3283 per
879 3197 912 3281 ij.
937 3196 1015 3263 dies.
1060 3196 1104 3261 Et
1127 3197 1254 3260 emissis
1281 3196 1359 3262 hinc
1383 3203 1418 3263 et

366 3300 443 3365 inde
465 3300 550 3378 telis,
573 3322 649 3366 cum
666 3299 739 3385 jam
760 3320 829 3364 non
854 3298 1053 3385 proficerent
1084 3320 1146 3364 nec
1168 3320 1203 3363 se
1226 3298 1316 3364 cives
1339 3299 1418 3364 dare

367 3402 499 3483 vellent,
537 3402 756 3468 ascenderunt
792 3402 833 3467 de
871 3401 1009 3465 flumine
1046 3421 1151 3486 usque
1188 3400 1325 3488 Ryens,⁴
1362 3402 1421 3466 ubi
1434 3400 1507 3465 Thu
1518 3414 1575 3465 11212s

367 3505 521 3570 dominus
553 3505 616 3570 loci
648 3504 738 3568 illius
770 3507 942 3590 gratanter
973 3524 1008 3567 so
1040 3502 1135 3567 dedit
1165 3503 1212 3568 eis
1242 3525 1317 3569 oum
1349 3508 1421 3569 tota
1433 3467 1571 3585 {mm

1451 3536 1486 3583 nd
1498 3534 1595 3585 mend

366 3606 448 3672 villa
489 3612 524 3672 et
553 3611 668 3672 castro,
726 3606 772 3670 Et
808 3611 890 3671 tunc
921 3604 1029 3691 primo
1060 3604 1167 3691 Angli
1202 3610 1422 3721 extraxemnt
1435 3600 1541 3718 ma·

367 3730 468 3793 equos
498 3730 519 3772 a
549 3708 692 3773 navibus
721 3728 797 3772 cum
835 3707 872 3770 in
896 3706 982 3771 mari
1017 3707 1221 3770 mansissent
1251 3726 1309 3791 per
1339 3726 1423 3791 xer.

367 3810 590 3876 hebdomadas
612 3815 647 3874 et
670 3810 799 3895 aliquos
829 3808 907 3873 dies.
954 3807 1101 3873 Tandem
1125 3828 1208 3872 vero
1231 3806 1424 3873 refocillatis

368 3912 560 3979 hominibus
582 3918 617 3976 et
655 3912 748 3997 equis
784 3910 970 3975 divisenmt
993 3910 1095 3975 etiam
1127 3931 1161 3974 se
1193 3910 1295 3996 Angli
1326 3911 1422 3996 quasi

369 4014 406 4078 in
451 4015 535 4079 duas
575 4019 693 4099 partes,
724 4016 1020 4097 remanseruntque
1052 4011 1088 4075 in
1119 4011 1234 4076 eodem
1276 4011 1346 4076 loco
1386 4018 1426 4076 ut

370 4116 530 4203 populum
551 4120 649 4181 ιρι-[ω
672 4114 736 4179 sihi
759 4114 967 4179 attraherent
1001 4112 1157 4177 dominus
1181 4111 1353 4177 Johannes
1382 4113 1424 4178 de
1438 4124 1523 4241 {gagga
1535 4188 1600 4241 their

1440 4258 1532 4310 forces.

406 4394 700 4462 ¹Burdeya1a‚Ms.;
728 4390 876 4456 Bar-degat,
927 4386 1026 4455 Lycios,
1046 4393 1080 4441 A.
1113 4391 1164 4439 But
1184 4389 1228 4439 tho
1248 4404 1322 4439 name
1342 4388 1372 4440 ot
1388 4390 1432 4443 the

374 4476 408 4526 A.
929 4470 1001 4533 place
1024 4467 1046 4519 is
1068 4466 1145 4533 given
1166 4466 1193 4517 in
1220 4466 1292 4529 both,
1316 4469 1395 4519 about
1416 4484 1433 4520 a

408 4551 420 4585 ²
435 4552 565 4614 resistere,
575 4551 650 4601 MSS.
931 4548 1012 4597 doren
1029 4546 1093 4597 linos
1110 4548 1198 4606 below,
1219 4562 1247 4596 as
1265 4546 1363 4611 Ryeas,
1382 4550 1434 4599 and

409 4630 477 4682 ἐἶα
489 4632 579 4695 maye,
596 4630 640 4680 the
654 4644 730 4679 name
750 4628 779 4678 of
796 4626 880 4679 which
930 4627 958 4677 in
969 4627 1012 4676 the
1024 4627 1091 4677 hand
1102 4624 1132 4676 of
1148 4626 1191 4675 the
1208 4624 1303 4675 scribes
1323 4626 1366 4676 the
1382 4633 1434 4679 tro

376 4710 571 4775 vasanciently
582 4708 690 4759 Blavia.
933 4706 1015 4756 words
1027 4703 1234 4755 arcnotunlike.

411 4791 480 4841 ⁴120.
523 4788 629 4849 Bions3
663 4786 763 4851 Leyas,
796 4784 875 4847 Ms.;
