3625 5784
402 839 467 905 296
750 846 899 898 nnunrcr
924 845 1111 897 aaronica

405 1120 486 1205 tate¹
518 1131 675 1203 disponens
705 1118 865 1186 dominus²
889 1130 1036 1186 commisit
1071 1129 1319 1201 procuratoribus,
1347 1128 1461 1200 ipsique

403 1210 624 1295 procuratori0³
645 1222 764 1277 nomine
795 1218 926 1291 ejusdem
949 1218 1028 1291 regie
1058 1237 1093 1274 ac
1127 1236 1180 1291 pro
1212 1236 1246 1274 eo
1276 1217 1361 1273 nobie
1392 1234 1461 1288 pro·

404 1310 549 1368 miserunt
581 1298 722 1383 expresse,
761 1310 840 1381 quod
873 1310 952 1365 idem
1004 1327 1055 1364 rex
1091 1309 1197 1365 Scotiae
1231 1307 1264 1363 in
1296 1295 1460 1379 praedicta⁴

405 1418 513 1474 guerra
543 1418 631 1472 quam
663 1406 765 1456 contre
804 1400 916 1455 dictum
959 1416 1058 1469 regem
1098 1398 1217 1469 Angliae
1261 1398 1389 1453 fautores
1428 1400 1459 1451 et

407 1490 650 1547 confoederatores
694 1495 757 1544 tam
790 1508 889 1561 regem
931 1486 1097 1545 Alemanire
1140 1504 1229 1560 quem
1262 1484 1335 1543 alios
1372 1502 1457 1559 quos·

407 1598 531 1652 cumque
565 1569 797 1650 gubernatores⁶
819 1578 883 1649 ejus
904 1578 1054 1644 habemus,
1089 1576 1173 1633 nobis
1195 1581 1225 1632 et
1248 1576 1459 1632 successoribus

407 1672 515 1725 nostris
538 1668 563 1723 si
586 1669 624 1724 ad
646 1686 693 1723 eos
717 1686 822 1738 guerra
852 1665 1021 1738 hujusmodi
1045 1672 1227 1739 prorogetur,
1251 1666 1322 1721 totis
1347 1664 1459 1721 viribus

408 1759 469 1815 suis
490 1763 522 1813 et
543 1757 628 1828 regni
650 1757 696 1813 sni
719 1762 780 1811 tam
802 1776 854 1830 per
876 1763 984 1812 terram
1007 1774 1095 1829 quam
1118 1775 1171 1829 per
1192 1774 1272 1811 mare
1295 1756 1327 1811 in
1349 1753 1460 1825 Anglia

408 1847 524 1920 publice
546 1854 576 1902 et
608 1836 767 1918 potenter⁶
798 1849 944 1913 assistent,
969 1852 999 1902 et
1028 1846 1209 1919 praestabunt
1243 1844 1398 1901 consilium
1430 1849 1461 1899 et

409 1936 551 1993 auxilium
574 1942 759 2009 oportunum.
807 1937 846 1991 Et
868 1941 903 1991 ut
934 1936 1049 2009 praefati
1072 1935 1151 2007 regis
1183 1936 1302 2006 Angliae
1324 1933 1460 2006 injuriosi

410 2031 530 2082 conatus
578 2042 612 2081 co
666 2025 847 2081 commodius
893 2026 1103 2097 reprimantur,
1149 2025 1284 2096 idemque
1337 2042 1389 2079 rex
1441 2040 1460 2079 a

408 2114 553 2188 perversis
575 2132 636 2171 suae
651 2114 824 2170 hostilitatis
845 2116 1011 2171 incursibus
1034 2132 1068 2170 eo
1091 2114 1179 2170 citius
1202 2114 1314 2169 resilire
1339 2118 1461 2185 cogatur

410 2223 468 2277 quo
502 2205 598 2275 magis
623 2204 712 2259 fuerit
745 2204 812 2259 aliie
842 2210 1007 2276 occupatus,
1046 2204 1141 2259 dictus
1179 2221 1230 2258 rex
1263 2202 1369 2260 Scotiae
1404 2202 1461 2275 ipsi

1469 1464 1554 1531 Tuys.
1565 1466 1614 1519 col.

401 1040 482 1099 modi
503 1038 588 1098 nobis
609 1039 764 1097 efficaciter
786 1044 817 1096 ot
838 1044 973 1113 potenter
1003 1040 1138 1095 assistere
1171 1037 1301 1110 gratuita
1323 1035 1461 1095 amabili·

1472 1536 1545 1585 2475.

410 2401 494 2455 posse
532 2382 576 2451 [et
614 2383 778 2438 incolarum
816 2385 906 2438 ctiam
954 2383 1039 2454 regni
1078 2371 1162 2451 sui]⁷
1200 2383 1335 2454 quotiens
1373 2382 1462 2438 suerit

409 2477 607 2545 opportunum
644 2477 674 2527 ot
712 2473 874 2528 incolarum
911 2477 941 2529 et
977 2471 1063 2544 regni
1101 2474 1156 2539 eui,
1196 2472 1279 2527 nobis
1317 2471 1463 2543 inceptam

409 2580 545 2633 guerram
576 2563 816 2634 prosequentibus
838 2580 872 2618 ac
903 2562 1172 2629 manutenentibus,
1196 2578 1311 2617 movere
1334 2578 1369 2617 ac
1391 2579 1461 2617 oon-

409 2653 524 2707 tinuare
561 2651 681 2707 curabit
747 2652 948 2707 Promiserunt
989 2652 1107 2723 insuper
1143 2656 1342 2723 procuratores
1388 2668 1462 2723 prae·

409 2740 463 2797 lati
507 2740 706 2813 procuratorio
749 2742 868 2797 nomine
905 2740 1020 2813 praesati
1057 2740 1136 2812 regis
1175 2740 1291 2807 Scotiae,
1337 2740 1462 2797 eundem

409 2848 509 2901 regem
532 2835 701 2885 curaturum
723 2835 755 2885 et
784 2831 967 2897 effecturum,
991 2830 1069 2902 quod
1092 2836 1152 2885 tam
1184 2831 1297 2903 praelati
1321 2836 1464 2903 quatenus

412 2920 454 2975 eis
484 2920 521 2975 do
547 2917 615 2990 juro
645 2918 755 2986 licebit,
779 2937 868 2990 quam
890 2920 1020 2987 comites,
1057 2920 1179 2976 barones
1202 2926 1232 2975 et
1265 2920 1317 2976 alii
1339 2920 1462 2988 nobiles,

412 3026 526 3065 necnon
563 3014 594 3064 et
630 3008 835 3064 universitates
872 3027 906 3065 ac
944 3010 1168 3065 communitates
1204 3009 1341 3065 villarum
1378 3010 1463 3081 regni

414 3096 521 3156 Scotite
544 3115 615 3169 erga
637 3116 691 3153 nos
714 3103 744 3153 et
775 3115 951 3155 successores
983 3106 1097 3155 nostros
1129 3098 1160 3154 in
1192 3099 1335 3172 praedicta
1357 3117 1464 3170 guerra

414 3186 478 3260 pari
500 3187 587 3243 modo
602 3186 634 3241 in
658 3187 793 3243 omnibus
808 3188 885 3244 sicut
899 3187 1013 3244 dictum
1035 3193 1080 3245 est
1102 3188 1234 3261 superius
1258 3206 1287 3245 se
1303 3188 1463 3256 habebunt,

415 3276 551 3347 dictoque
573 3275 638 3347 regi
660 3276 780 3347 Angliee
803 3276 894 3332 simili
916 3278 1003 3333 modo
1026 3279 1097 3333 totis
1119 3278 1230 3334 viribus
1253 3278 1313 3334 suis
1328 3296 1465 3350 guerram

414 3366 534 3430 facient,
557 3364 635 3421 sieut
657 3366 788 3437 superins
821 3372 867 3423 est
887 3385 1073 3439 expressum3
1110 3367 1243 3439 quodque
1265 3374 1326 3423 tarn
1349 3368 1465 3441 praelati

415 3472 504 3527 quam
526 3454 657 3520 comites,
681 3456 813 3520 barones,
835 3461 866 3511 et
887 3456 940 3511 alii
969 3457 1091 3523 nobiles,
1113 3474 1227 3515 necnon
1259 3458 1465 3515 universitates

410 2292 475 2364 regi
496 2293 616 2365 Angliaa
648 2311 785 2364 guerram
817 2294 942 2366 propriis
975 2294 1138 2365 sumptibus
1172 2297 1203 2349 ot
1233 2292 1367 2365 expensis
1398 2296 1461 2348 toto
1538 2308 1542 2315 ·

414 3634 500 3689 nobis
522 3651 589 3689 suas
611 3638 744 3705 patentes
766 3634 867 3691 literas
889 3635 951 3691 suis
985 3636 1114 3691 munitas
1137 3636 1243 3707 sigillis
1265 3655 1352 3708 quam
1376 3637 1465 3693 citius

415 3722 524 3795 poterit
554 3722 619 3777 fieri
652 3723 847 3780 destinabunt.
895 3724 1081 3781 (laurentum
1115 3725 1173 3781 suit
1205 3724 1348 3798 siquidem
1387 3728 1466 3783 inter

415 3829 469 3867 nos
499 3816 531 3866 et
564 3811 642 3883 ipsos
687 3820 887 3884 procuratores
932 3815 1051 3870 nomine
1096 3833 1154 3887 quc
1193 3833 1289 3887 supra,
1331 3817 1409 3889 quod
1439 3816 1464 3871 si

415 3900 601 3973 praelibatum
624 3920 725 3973 regem
758 3903 877 3975 Angliae
910 3903 1080 3960 coadunatis
1102 3904 1214 3961 viribus
1247 3904 1308 3961 suis
1339 3923 1465 3977 regnum

415 3544 695 3616 communitatesqnc
726 3534 918 3601 nobilitatcs⁸
941 3545 1014 3601 dicti
1045 3546 1132 3618 regni
1164 3547 1270 3603 Scotiae
1293 3566 1380 3620 super
1408 3549 1466 3603 hoc

416 3990 524 4047 Scotiae
547 4009 599 4063 per
614 4010 645 4047 se
660 3993 707 4048 vel
729 4011 781 4065 per
803 3993 895 4048 alium
910 3994 1047 4050 invadere
1063 3994 1223 4065 contigerit
1245 3999 1312 4067 post
1327 4012 1464 4066 guerram

414 4080 453 4135 ad
474 4080 694 4152 requisitionem
716 4088 846 4138 nostram
868 4101 921 4155 per
942 4083 1054 4138 dictum
1077 4101 1176 4154 regem
1200 4084 1306 4140 Sootiae
1337 4090 1464 4158 coeptam

414 4170 463 4226 rel
485 4174 552 4241 post
574 4171 839 4228 confederationem
861 4177 1037 4245 praesentem
1051 4174 1099 4229 rel
1122 4172 1295 4230 affinitatem
1318 4174 1465 4231 internos
1805 4178 1806 4195 ³

448 4433 639 4499 ¹omoldlitote,
658 4437 705 4498 R.;
724 4438 915 4502 amobreoilatc,
997 4438 1206 4505 ⁵9ubemotorea
1241 4442 1311 4508 ejus]
1346 4442 1466 4496 salitores

414 4512 492 4565 MSS.
964 4520 1083 4581 nauali.

448 4591 604 4660 ²dommur]
623 4594 749 4658 dictisls.
998 4598 1008 4630 ⁶
1022 4600 1153 4666 potenter]
1173 4602 1343 4665 patenter,R.

448 4670 459 4704 ⁸
472 4675 732 4736 processionalis.
997 4678 1008 4716 ⁷
1025 4680 1103 4729 From
1115 4682 1147 4730 R.

449 4750 461 4782 ⁴
474 4750 614 4820 proedicla]
634 4753 762 4818 presenti,
772 4756 805 4809 B.
996 4762 1181 4833 *nouitium
1203 4764 1336 4833 notabiles,
1347 4766 1379 4817 R.
