3625 5784
653 855 926 908 rurcasraeusm
948 860 1159 910 cuaourcou.
1365 849 1429 916 197

375 1049 608 1131 promittentes
630 1051 667 1114 in
689 1051 796 1136 primo
818 1050 966 1116 adventu
990 1073 1049 1116 suo
1072 1050 1242 1117 civitatem
1263 1053 1430 1119 Londoni-

375 1171 486 1214 ensem
510 1174 544 1216 se
568 1153 599 1217 ei
621 1153 769 1229 liberare,
785 1157 820 1217 et
845 1152 1001 1238 homagia
1024 1159 1060 1217 et
1075 1153 1254 1219 fidelitates
1268 1155 1300 1219 oi
1322 1155 1428 1220 facore

376 1256 410 1316 et
439 1251 559 1337 jurare.
604 1253 670 1334 Qui
693 1275 845 1319 coronam
868 1254 1001 1338 Angliae
1032 1255 1149 1320 sitiens
1176 1261 1210 1320 ct
1232 1256 1275 1320 ad
1299 1261 1427 1322 tantam

375 1352 573 1438 dignitatern
597 1353 777 1420 anhelans¹
810 1377 884 1420 cum
907 1357 1069 1422 immenso
1104 1357 1252 1422 exercitu
1288 1379 1427 1444 regnum

375 1455 506 1540 Angliaa
543 1457 708 1523 hostiliter
745 1457 912 1544 ingressus
946 1467 1005 1523 est.
1051 1459 1174 1524 Piratae
1207 1465 1320 1525 tamen
1342 1461 1428 1546 regis

206 1561 351 1628 Tayaeol.
375 1557 496 1622 multos
535 1581 577 1624 ex
611 1559 679 1626 suis
718 1564 753 1624 et
789 1565 960 1645 magnates
991 1560 1118 1646 aliquos
1149 1561 1186 1625 in
1219 1562 1301 1626 mari
1336 1584 1427 1649 perc·

205 1634 280 1680 ²⁴²⁴·
376 1667 516 1728 metunt.
573 1663 858 1748 Occurreruntque
897 1664 928 1728 ei
960 1663 1058 1729 multi
1096 1664 1233 1729 barones
1264 1665 1321 1729 sed
1360 1686 1428 1731 non

374 1786 495 1843 omnes,
535 1770 570 1830 et
604 1787 680 1830 eum
725 1786 800 1830 cum
838 1764 1000 1831 immenso
1047 1767 1170 1852 gaudio
1205 1772 1427 1853 susceperunt,

373 1869 562 1953 homagium
587 1867 744 1934 facientes
767 1874 802 1932 et
824 1867 1023 1934 fidelitatem
1050 1869 1210 1954 jurantes.
1255 1870 1297 1934 In
1318 1872 1426 1956 primo
1439 1874 1480 1922 He
1491 1872 1513 1924 11

372 1976 485 2036 autem
516 1971 664 2036 adventu
698 1991 757 2035 suo
791 1970 886 2034 velut
924 1992 1030 2056 agnus
1064 1971 1259 2036 mitissimus
1290 1941 1575 2073 eonsilioffissffi

370 2075 532 2140 baronum
556 2095 635 2138 usus
658 2077 728 2149 est3
752 2072 808 2137 sed
834 2071 1026 2138 introducta
1049 2093 1183 2137 suorum
1211 2075 1362 2158 potentia
1385 2075 1426 2141 de
1440 2074 1509 2123 ¹²⁰⁶·

371 2199 438 2262 qua
470 2175 665 2252 confidebat,
687 2196 755 2240 non
777 2179 913 2239 tantum
936 2174 1110 2239 consilium
1132 2175 1190 2240 sed
1214 2182 1249 2240 et
1270 2197 1427 2261 personas

372 2277 554 2364 Anglorum
578 2277 706 2364 sprevit
732 2281 767 2342 et·
783 2276 991 2362 contempsit.
1037 2274 1226 2362 Optimates
1249 2278 1349 2343 etiam
1372 2279 1425 2343 sui

373 2379 568 2445 deridebant
606 2384 640 2444 et
685 2376 873 2443 illudebant
921 2377 1134 2461 magnatibus
1170 2383 1278 2456 terrae,
1317 2384 1352 2444 et
1389 2380 1425 2442 in

372 2485 501 2545 tantam
540 2479 726 2565 superbiam
771 2477 870 2543 crecti
911 2483 998 2553 sunt,
1033 2478 1121 2562 quod
1153 2500 1211 2564 per
1241 2480 1426 2565 potentiam
1438 2483 1565 2534 Burman

372 2582 539 2670 propriam
566 2581 692 2648 vellent
724 2581 910 2668 opprimere
932 2585 968 2646 et
1001 2577 1130 2646 habere.
1186 2550 1597 2666 reseverunt-3322?

373 2708 436 2770 que
458 2685 536 2772 igne
559 2690 594 2750 et
615 2683 726 2770 gladio
749 2704 807 2768 per
824 2683 932 2747 dietas
953 2702 1021 2746 non
1043 2683 1189 2747 modicas
1205 2705 1308 2768 usque
1323 2682 1571 2749 dumttemptfor

373 2792 538 2852 venerunt
576 2785 789 2850 Linoolniam.
839 2784 1077 2870 Indignatique
1122 2790 1293 2870 magnates
1330 2747 1563 2865 terraeiiii„Eng

373 2894 576 2954 recesserunt
621 2887 663 2951 ab
701 2907 748 2963 eo,
787 2885 971 2949 nescientes
1009 2890 1121 2950 tamen
1159 2906 1225 2969 qua
1262 2891 1356 2971 parte
1393 2907 1427 2951 se

374 2991 585 3066 diverterent,
609 3011 647 3054 eo
671 2989 759 3074 quod
782 3006 955 3072 porsonam
978 2986 1065 3072 regis
1102 2985 1264 3051 haberent
1285 3009 1426 3053 exosam.

375 3094 419 3157 Et
456 3115 516 3158 rex
554 3091 724 3157 Johannes
756 3089 849 3154 misit
886 3088 977 3151 ultra
1007 3109 1098 3152 maro
1136 3092 1172 3152 et
1202 3088 1284 3155 fecit
1314 3091 1428 3156 venire

376 3201 505 3261 tantam
560 3193 811 3259 multitudinem
868 3190 1147 3268 Normannorum,
1208 3191 1427 3275 Pioardorum‚
1440 3176 1592 3293 ffi¹¹8³⁰¹¹¹¹

377 3297 625 3362 rimanorum
648 3293 736 3380 quod
759 3294 819 3358 vix
853 3297 927 3358 eu
956 3297 1045 3358 tens
1077 3293 1209 3378 Angliae
1240 3315 1295 3359 aas
1317 3294 1429 3381 potuit
1440 3259 1600 3374 fillin⁰l⁰¹

376 3405 545 3486 receptare
591 3405 626 3463 et
674 3397 845 3474 sustinere,
893 3399 929 3459 ct
966 3395 1055 3460 inter
1100 3417 1181 3481 quos
1227 3403 1298 3461 crat
1343 3384 1539 3463 unust¹⁰⁰p⁸·

374 3508 537 3588 tyrannus
574 3497 749 3564 Facundus
788 3497 828 3562 de
861 3495 1005 3575 Eierent
1051 3497 1109 3581 qui
1146 3518 1254 3583 neque
1286 3499 1429 3565 ecclesiis

375 3626 481 3690 neque
505 3602 666 3688 religiosis
689 3598 855 3685 parcebat,
871 3598 928 3662 sed
941 3618 1037 3662 omne
1059 3599 1184 3664 malum
1207 3600 1295 3684 quod
1317 3601 1430 3686 potuit

376 3706 534 3772 exercuit.
581 3703 649 3768 Iste
681 3699 851 3765 «Iohannes
883 3699 920 3762 in
957 3699 1121 3784 principio
1149 3701 1244 3786 regni
1266 3701 1319 3766 sui
1343 3703 1430 3769 inter

376 3829 468 3895 reges
513 3801 739 3871 monarchales
785 3800 974 3865 liberrimus
1019 3801 1095 3878 fuit,
1132 3806 1168 3866 et
1205 3802 1323 3868 merito
1368 3825 1428 3870 suo

377 3909 507 3996 proprio
530 3907 622 3971 misit
657 3925 797 3990 regnum
827 3902 959 3989 Angliae
993 3901 1056 3966 sub
1079 3902 1214 3982 tribute,
1238 3909 1273 3969 et
1295 3908 1428 3990 quando
1441 3896 1550 3987 ⁰¹¹³?ss

376 4013 478 4098 coepit
500 4030 637 4096 regnare
662 4005 799 4073 devenit
829 4005 929 4070 nimis
952 4003 1129 4090 singularis
1152 4011 1186 4071 et
1209 4007 1370 4073 mirabilis
1392 3963 1578 4093 indi-igion

376 4114 506 4180 actibus
539 4112 617 4190 suis,
653 4116 687 4175 et
718 4108 854 4175 transiit
884 4107 921 4171 in
956 4105 1206 4185 Normanniam
1234 4113 1267 4174 et
1289 4109 1429 4177 bellavit
1441 4095 1577 4145 ⁰¹¹⁸¹²⁰⁸⁸¹¹
1709 4173 1714 4184 ,

377 4223 492 4284 contra
529 4235 639 4301 regem
671 4211 830 4287 Francia,
862 4209 967 4274 donec
1003 4208 1151 4294 perdidit
1177 4210 1429 4291 Normanniam,

379 4319 610 4406 Andagaviam
632 4336 706 4400 quae
729 4333 901 4398 nunquam
925 4315 1041 4397 postea
1072 4310 1206 4374 fuerant
1228 4321 1429 4398 recuperata.

380 4422 422 4487 In
445 4421 517 4507 ejus
540 4425 686 4506 tempora
709 4417 846 4481 fuorunt
880 4411 1004 4500 provisi
1027 4411 1159 4477 articuli
1181 4434 1311 4498 magnae
1333 4420 1433 4482 csrtae
1467 4440 1471 4445 ·

379 4525 422 4590 ad
444 4541 653 4589 communem
675 4517 861 4606 profectum
877 4512 978 4600 regni.
1025 4511 1094 4577 Iste
1112 4533 1243 4598 quoque
1265 4513 1435 4583 Johannes

414 4769 421 4800 ¹
440 4766 556 4828 caelans,
567 4764 642 4814 MSS.
914 4753 921 4823 l
967 4755 978 4788 ²
995 4754 1066 4820 d“ml
1081 4753 1148 4807 from
1158 4759 1207 4817 Ad
1225 4771 1274 4808 0111·
1286 4760 1341 4811 MS·
