3625 5784
624 917 897 970 percursurus
920 918 1132 971 canonicos.
1322 907 1390 976 397

386 1103 525 1170 Dudum1
543 1116 621 1170 inter
635 1116 801 1172 carissimos
817 1117 847 1171 in
864 1115 982 1173 Christo
997 1116 1073 1173 filios
1089 1121 1203 1172 nostros
1218 1115 1390 1188 Philippum
1402 1115 1457 1166 'l'be
1465 1120 1540 1183 papa}

340 1221 441 1276 regem
487 1205 666 1260 Francorum
710 1223 746 1260 ex
791 1211 874 1278 parte
912 1224 973 1262 uua
1008 1212 1040 1262 et
1076 1205 1253 1261 Edwardum
1289 1223 1391 1276 regem
1402 1181 1513 1299 fflffn

340 1293 461 1366 Anglies
483 1311 518 1350 ex
541 1294 634 1350 altera
656 1313 741 1367 reges
757 1294 886 1352 illustres
902 1285 1105 1368 suggerente²
1128 1297 1245 1367 generis
1268 1295 1500 1368 bumanimmr,

342 1384 462 1442 inimico
508 1385 588 1455 pacis
634 1385 739 1440 aemulo
776 1403 864 1458 snper
900 1385 1026 1441 diversis
1076 1385 1173 1440 titulis
1209 1386 1390 1458 materiaque

342 1472 495 1530 discordiae
532 1491 566 1530 ac
604 1473 794 1530 dissensionis
826 1479 871 1529 ost
903 1481 1014 1538 exorta,
1041 1475 1160 1530 tandem
1194 1474 1274 1530 idem
1305 1492 1390 1546 reges

342 1579 394 1633 per
416 1563 555 1635 speciales
579 1564 701 1619 nuncios
732 1568 762 1618 et
794 1569 996 1635 procuratores
1028 1581 1095 1620 suos
1130 1564 1166 1618 ob
1198 1564 1253 1619 boc
1283 1564 1320 1619 ab
1346 1565 1389 1619 eis

342 1652 514 1708 mandatum
536 1651 676 1708 babentes
704 1654 736 1706 in
759 1669 812 1708 nos
844 1653 1034 1710 Bonet‘aoium
1068 1653 1171 1708 diviua
1205 1653 1391 1724 providentia

342 1758 446 1813 papam
461 1747 599 1798 octavum
614 1749 755 1813 tanquam
778 1743 810 1797 in
833 1744 980 1814 privatam
1005 1759 1161 1814 personam
1184 1749 1215 1798 et
1237 1743 1390 1798 dominum

343 1831 535 1888 Benedictum
560 1831 677 1903 Gaytan
709 1832 741 1886 in
764 1831 921 1895 arbitrum,
956 1833 1174 1896 arbitraturum,
1196 1831 1389 1891 laudatorem.

343 1919 544 1984 diffinitorem,
566 1919 735 1976 arbitralem
760 1922 1016 1986 sententiatos-em,
1038 1921 1223 1977 amicabilem
1245 1923 1390 1993 composi·

344 2015 449 2075 torem,
473 2008 681 2074 ordinatorem,
705 2007 936 2082 dispensatorem
964 2017 995 2066 et
1025 2013 1281 2082 pronunciatorem
1305 2028 1393 2082 sirper

343 2099 530 2156 reformanda
556 2118 627 2171 pace
657 2105 688 2156 et
720 2099 874 2156 concordia
905 2102 986 2155 iuter
1007 2102 1087 2173 ipsos
1121 2117 1206 2171 reges
1237 2118 1271 2156 ac
1306 2117 1393 2172 super

344 2189 402 2244 hiis
426 2206 492 2261 quse
513 2189 550 2244 ad
573 2206 674 2261 pacem
698 2191 849 2261 pertinent
881 2191 1032 2246 occasione
1066 2207 1246 2261 quacumque
1271 2190 1309 2252 de
1332 2189 1394 2244 alto

344 2285 375 2332 et
398 2279 482 2334 iusso
505 2278 636 2334 absolute
660 2283 690 2333 et
713 2279 804 2333 libere
837 2281 1076 2350 compromittere
1097 2278 1283 2350 juraverunt,
1307 2283 1395 2350 prout

347 2369 376 2422 in
423 2369 688 2440 compromissoriis
732 2367 939 2424 instrumentis
983 2368 1054 2424 indo
1091 2369 1233 2425 confectis
1279 2368 1395 2440 plenius

346 2459 522 2512 continetur.
562 2457 624 2514 Nos
648 2458 743 2528 igitur
759 2457 934 2514 Boneiacins
957 2475 1032 2530 papa
1054 2457 1213 2530 praedictus
1235 2460 1287 2529 qui
1305 2458 1395 2512 finem

346 2546 449 2603 litibus
472 2564 618 2619 apponere
633 2545 816 2610 affectamus,
831 2553 862 2602 ct
877 2549 1024 2620 precipuo
1047 2548 1126 2602 inter
1140 2565 1225 2618 reges
1237 2546 1395 2618 predictos

346 2652 469 2706 qnorum
493 2639 622 2707 quietem
645 2633 847 2692 indesinenter
869 2638 1047 2708 appetimus,
1074 2641 1106 2692 et
1127 2641 1213 2692 tanto
1235 2637 1396 2691 ferventius

348 2727 449 2796 vigere
487 2726 621 2798 cupimus
656 2743 804 2781 successus
841 2732 953 2797 quanto
990 2725 1117 2797 pleniori
1154 2742 1203 2781 eos
1241 2724 1396 2780 affectione

347 2816 551 2887 prosequimur
584 2820 614 2870 et
648 2815 759 2886 puriori
798 2814 1020 2886 complectimur
1057 2816 1192 2882 caritate,
1225 2811 1396 2885 hujusmodi

347 2904 564 2976 compromissis
589 2905 715 2975 receptis
747 2909 779 2958 et
812 2904 965 2960 uobiscum
999 2903 1162 2976 praebabita
1184 2903 1397 2959 deliberatione

346 2992 497 3065 diligenti,
521 2993 688 3065 vocatisque
710 2994 827 3049 nunciis
849 3001 880 3049 et
902 2993 1138 3065 procuratoribus
1161 2991 1338 3065 supradictis
1360 2992 1398 3048 ad

347 3083 515 3148 arbitrium,
553 3081 680 3146 laudem,
718 3082 889 3138 mandatum
930 3088 961 3138 et
1006 3082 1174 3139 arbitralem
1220 3085 1397 3138 sententiam

348 3172 535 3236 audiendam,
562 3172 661 3244 eisque
696 3188 793 3227 coram
828 3171 912 3226 uobis
944 3172 1111 3244 specialiter
1144 3171 1326 3237 constitutis,
1360 3171 1398 3227 ad

349 3261 465 3316 landem
497 3262 708 3333 omnipotentis
743 3261 790 3317 dei
825 3263 875 3334 qui
909 3267 954 3316 est
985 3262 1065 3334 pacis
1098 3266 1200 3317 auctor
1232 3267 1263 3317 et
1294 3261 1398 3316 salutis

349 3357 473 3416 amator,
496 3356 528 3406 et
551 3350 688 3423 gloriosse
710 3351 814 3406 matris
844 3349 918 3422 ejus,
942 3353 1020 3406 sicut
1043 3351 1153 3407 arbiter
1174 3356 1206 3406 et
1228 3351 1399 3414 arbitrator,

350 3439 485 3496 laudator
508 3445 538 3494 et
560 3440 725 3496 amicabilis
749 3442 939 3512 compositor,
962 3449 1014 3496 aut
1036 3440 1113 3496 sicut
1136 3441 1254 3513 privata
1276 3457 1400 3512 persona

181 3521 264 3586 thfl·
277 3523 324 3572 ⁰0¹·
350 3529 527 3585 Benedictus
565 3529 681 3602 Gaytan
715 3547 750 3584 ex
782 3529 877 3585 forma
914 3536 945 3585 et
980 3529 1091 3606 uirtute
1123 3531 1398 3602 compromissornm

181 3593 256 3640 Μ’
350 3619 561 3690 predictorum
585 3624 619 3672 ut
641 3621 722 3674 omni
756 3618 842 3674 modo
877 3625 907 3674 et
936 3619 1005 3690 jure
1039 3636 1096 3690 quo
1123 3619 1228 3675 melius
1250 3636 1399 3691 possemus

351 3710 430 3763 viam
468 3709 666 3770 arbitratoris,
706 3707 876 3773 laudatoris,
922 3717 953 3764 et
996 3709 1159 3766 amicabilis
1196 3709 1401 3780 compositoris

351 3803 504 3870 sequentes
562 3797 697 3862 dicimus,
756 3797 947 3862 arbitramur,
1007 3799 1172 3864 laudamus,
1228 3799 1401 3863 diffinimus,

351 3886 564 3943 arbitrabiliter
579 3889 802 3952 sententiamns,
819 3887 1003 3952 mandamus,
1020 3888 1201 3954 ordinamus,
1218 3888 1401 3959 disponimus

351 3981 382 4030 et
403 3978 643 4049 pronunciamus
669 3976 723 4032 bae
747 3976 823 4042 vice,
847 3983 882 4032 ut
913 3977 992 4032 inter
1022 3977 1100 4048 ipsos
1126 3996 1210 4048 reges
1233 3977 1286 4032 fiat
1308 3983 1339 4032 et
1360 3979 1401 4031 sit

350 4072 492 4138 perpetua
514 4083 569 4138 pax
604 4071 634 4122 et
669 4065 797 4131 stabilis,
820 4071 851 4121 et
883 4066 961 4138 quod
992 4071 1107 4138 treugae
1141 4067 1189 4122 vel
1223 4066 1402 4122 sufferentiae

383 4355 391 4390 ¹
411 4357 479 4407 Here
490 4371 524 4406 ou
535 4355 598 4407 botb
610 4354 754 4422 marginais
769 4355 850 4408 Ordi-
901 4355 1011 4423 notbiug
1032 4355 1058 4406 in
1081 4371 1199 4408 common
1219 4357 1280 4406 uitb
1299 4357 1320 4408 it
1337 4357 1402 4408 aiter

349 4436 420 4484 actio
431 4435 513 4500 Popoe
531 4437 598 4486 inter
616 4451 688 4500 reyes
705 4435 808 4502 duplic
827 4441 852 4485 et
900 4435 944 4486 ibe
956 4435 1011 4486 brat
1022 4443 1147 4487 mnteuoe.
1181 4437 1401 4502 'l'beuiuRymcu

350 4513 478 4565 Francia.
512 4515 622 4565 Audin
644 4516 748 4580 Rymer,
764 4513 780 4564 i.
793 4519 850 4573 elo,
900 4513 918 4564 i.
930 4519 988 4573 924,
998 4514 1401 4581 iaaaecandoproroyatio,aud

349 4591 421 4642 tbere
441 4591 495 4644 isa
509 4593 595 4659 prima
608 4593 756 4659 proroputio
772 4593 851 4659 suffe·
900 4592 917 4643 i.
940 4595 1116 4644 vitatoriis
1135 4596 1290 4659 pros-cyano,
1308 4597 1355 4646 but
1373 4596 1400 4646 in

349 4671 438 4722 realia
445 4673 512 4722 inter
518 4670 696 4737 reqaduqlioe
703 4678 726 4722 et
731 4671 850 4722 Francia
900 4672 1001 4723 ueitber
1018 4674 1040 4723 is
1060 4674 1104 4725 the
1120 4681 1176 4724 text
1186 4682 1214 4725 at
1225 4674 1259 4724 all
1271 4674 1322 4725 like
1334 4675 1401 4727 nbat

347 4766 394 4815 per
405 4751 571 4816 Bosesuriom
580 4767 677 4818 papam
688 4750 770 4802 ubicb
782 4767 850 4803 com·
899 4750 923 4800 is
934 4751 995 4801 bore
1005 4752 1090 4816 giren.

351 4847 450 4884 merces
463 4848 524 4898 very
536 4832 588 4883 like
599 4831 650 4882 this
662 4831 735 4896 torm,
745 4833 792 4884 but
803 4831 849 4883 bas
934 4829 945 4862 ²
961 4836 1132 4898 supparetur,
1144 4831 1200 4885 MS.
