3625 5784
666 894 936 947 nnrcnsrnnnsrs
958 896 1167 947 onnonroou.
1370 883 1435 947 253

209 1074 294 1191 Q&
308 1074 356 1124 ⁰⁰¹·
382 1080 510 1165 Syrnon
533 1103 612 1147 vero
639 1083 776 1167 juvenis
799 1084 857 1168 qui
889 1089 1145 1169 pernoctaverat
1178 1082 1215 1149 in
1246 1087 1353 1149 castro
1389 1084 1437 1150 sic

279 1177 285 1190 ’
381 1205 455 1247 curn
478 1186 591 1271 paucis
614 1187 800 1271 captionem
816 1187 928 1251 evasit.
977 1186 1077 1253 Gesta
1092 1191 1172 1251 sunt
1194 1186 1265 1251 haec
1288 1187 1331 1250 iv.
1348 1208 1423 1251 non.

382 1284 527 1371 Augusti
552 1308 639 1351 anno
674 1287 799 1352 domini
831 1304 981 1353 uccnxv.
1014 1293 1048 1353 et
1080 1289 1194 1353 statim
1227 1288 1270 1352 ad
1293 1288 1433 1354 Wirces-
1450 1280 1518 1329 ΑΒ·
1533 1282 1608 1329 ¹2⁶⁵·

383 1388 480 1452 triam
526 1390 650 1455 reversi
695 1395 782 1454 sunt.
861 1389 1014 1474 Cumque
1059 1390 1206 1455 audisset
1252 1389 1435 1455 Edwardus
1450 1371 1573 1485 ffiytge-

383 1490 536 1555 comitem
561 1490 731 1575 Symonen
754 1493 791 1556 in
814 1491 978 1556 veniendo
1001 1512 1070 1557 esse
1088 1512 1202 1556 versus
1227 1491 1435 1558 Kenilworth
1452 1504 1603 1554 worcester.

383 1598 423 1655 ut
445 1593 607 1658 exercitui
629 1594 691 1658 filii
715 1594 767 1659 sui
790 1594 1045 1681 conjungeretur
1060 1598 1094 1658 et
1109 1593 1203 1669 fieret
1217 1594 1344 1673 fortior,
1361 1616 1435 1679 pro·
1450 1592 1489 1643 De
1502 1594 1587 1643 Mont-

383 1696 481 1759 cessit
503 1696 635 1760 obviam
659 1697 688 1761 ei
712 1697 766 1761 die
790 1698 891 1761 tertio
914 1696 1004 1781 apud
1029 1695 1203 1773 Evcsham,
1228 1702 1262 1761 et
1284 1696 1436 1761 ordinato
1449 1658 1598 1775 {ssffim

383 1798 531 1863 exercitu
554 1822 612 1884 per
638 1806 706 1863 tres
728 1799 825 1879 acies,
849 1800 919 1885 ipse
951 1820 1025 1865 oum
1059 1799 1127 1863 suis
1159 1821 1201 1863 ex
1233 1804 1327 1883 parte
1359 1820 1434 1876 una,
1448 1790 1537 1907 Ktffill·

383 1920 493 1965 comes
530 1900 746 1967 Gioucestriae
780 1924 822 1967 ex
860 1907 956 1986 parte
995 1900 1109 1978 altera,
1142 1910 1175 1966 et
1215 1900 1363 1986 Rogerus
1394 1900 1435 1965 de
1449 1874 1487 1907 wo
1532 1896 1536 1906 '

383 2000 554 2066 Mortimer
575 2025 596 2066 a
620 2008 713 2089 tergo
747 2001 911 2068 veniebat.
969 2002 1071 2066 Venit
1105 2002 1218 2086 itaque
1251 2002 1434 2066 Edwardus

384 2102 473 2167 filius
496 2105 582 2190 regis
606 2127 648 2169 ex
672 2110 766 2191 parte
790 2105 908 2169 boriali
932 2104 1026 2189 quasi
1051 2104 1091 2169 de
1109 2103 1330 2189 Kenylworth
1346 2103 1435 2189 apud

384 2203 558 2283 Evesham,
581 2215 615 2272 at
638 2231 679 2271 ne
702 2213 953 2295 cognosceretur
975 2229 996 2271 a
1019 2206 1124 2291 longe,
1148 2207 1306 2293 praecepit
1327 2206 1436 2291 primo
1449 2198 1578 2313 {ffuoeffl

383 2306 465 2392 erigi
496 2308 659 2373 vexillum
703 2310 859 2395 Symonis
889 2308 1034 2395 junioris
1069 2313 1104 2373 et
1147 2314 1336 2373 caeterorum
1377 2308 1434 2393 qui
1449 2281 1579 2381 adime?

382 2408 506 2494 captivi
553 2410 766 2489 ducebantur,
810 2411 1047 2495 festinavitque
1097 2416 1136 2474 ut
1182 2410 1303 2475 montis
1349 2410 1435 2475 clivo

382 2530 516 2575 ascenso
553 2514 676 2598 primos
709 2514 785 2579 belli
820 2514 905 2578 ictus
938 2534 1096 2598 occupare
1119 2517 1237 2596 posset.
1285 2510 1434 2597 Cumque

382 2612 521 2679 vidisset
543 2616 729 2700 speculator
762 2617 892 2682 comitis
917 2615 1082 2701 Symonis,
1106 2613 1288 2680 Nicholaus
1311 2614 1436 2679 scilicet

382 2714 591 2782 barbitonsor
624 2718 703 2803 ejus,
727 2718 785 2803 qui
818 2717 919 2783 horno
954 2721 1111 2802 expertus
1145 2721 1216 2781 erat
1248 2716 1434 2801 cognitione

383 2838 559 2897 armorum,
591 2826 738 2887 armatos
768 2822 815 2885 sic
852 2841 874 2886 a
911 2820 1008 2906 longe
1044 2818 1225 2895 venientes,
1264 2818 1352 2883 dixit
1390 2818 1433 2883 ad

383 2922 545 3000 comitem,
563 2932 578 2958 “
590 2923 672 2990 Ecce
687 2924 829 2989 veniunt
851 2922 972 2987 armati
988 2921 1088 2986 multi
1111 2942 1131 2985 a
1154 2920 1384 3006 septentrione,
1401 2926 1435 2986 et
1447 2918 1501 2994 Tne
1536 2983 1542 3005 ‚

383 3028 453 3086 “ut
474 3026 625 3110 cognosci
648 3026 777 3111 possint
799 3025 933 3111 alonge
949 3028 1111 3110 apparent
1126 3021 1252 3087 vexilla
1275 3022 1433 3088 tuorum.'’
1448 2998 1576 3099 fflic-

383 3124 426 3189 Et
448 3126 513 3203 ille,
537 3128 671 3193 “Filius
694 3150 787 3193 meus
811 3126 886 3203 est,'’
910 3126 1030 3212 inquit,
1048 3134 1116 3189 “ne
1132 3124 1258 3201 timeas,
1274 3125 1332 3189 sed
1349 3126 1433 3190 vade
1448 3117 1578 3231 ‘fik‘ffiffitf

382 3236 397 3260 “
421 3233 456 3291 et
485 3229 698 3317 circumspice
721 3252 763 3295 ne
786 3229 870 3294 forte
894 3228 1164 3314 praeoccurrimur
1187 3227 1432 3293 circumventi.''
1447 3198 1584 3298 coisnon·

382 3328 458 3393 Non
475 3332 564 3395 enirn
580 3337 779 3417 cognoverat
794 3331 904 3397 adhuc
918 3331 959 3394 de
975 3329 1040 3393 hiis
1064 3350 1138 3414 quse
1154 3330 1222 3394 filio
1238 3330 1432 3395 acciderant.

383 3432 530 3499 Perrexit
554 3433 610 3499 ille
633 3434 819 3519 speculator
839 3434 876 3496 in
898 3432 1006 3496 altum
1030 3431 1066 3494 in
1103 3430 1242 3496 clocario
1266 3430 1433 3497 abbathiae

379 3533 437 3597 ubi
476 3556 582 3601 comes
620 3536 686 3601 fuit
716 3532 927 3621 hospitatus,¹
966 3539 1001 3597 et
1039 3532 1079 3597 de
1117 3532 1203 3598 claro
1238 3554 1434 3619 cognoscens

383 3635 543 3701 vexilium
566 3638 627 3702 filii
649 3638 737 3723 regis
759 3658 781 3703 a
802 3637 905 3702 latere
929 3657 1004 3713 unu,
1029 3636 1226 3721 deposuerat
1241 3637 1329 3701 enim
1354 3642 1434 3704 tunc

380 3736 446 3802 alia
468 3738 602 3816 vexilla,
625 3744 658 3803 et
691 3735 841 3803 ιιιιιι111ιι2
873 3736 1003 3804 comitis
1028 3736 1244 3821 Gloucestriae
1276 3760 1297 3802 a
1331 3738 1433 3804 latere

379 3839 492 3919 altero,
515 3846 552 3905 et
575 3841 699 3906 vexilla
722 3840 842 3926 Rogeri
866 3840 907 3904 de
923 3839 1097 3904 Mortimer
1119 3839 1162 3903 ab
1185 3837 1376 3905 occidente³
1398 3846 1433 3905 et

382 3965 403 4008 a
425 3949 528 4029 tergo,
543 3944 702 4010 clamavit
724 3943 767 4007 ad
791 3942 944 4007 comitem
969 3947 1003 4006 et
1019 3940 1116 4017 dixit,
1140 3942 1294 4006 “Mortui
1318 3964 1432 4007 sumus
1447 3934 1585 4051 Dfiffiffl'etr

378 4053 395 4079 ·‘
419 4068 541 4125 omnes,
564 4068 631 4111 non
654 4047 743 4111 enim
767 4045 861 4109 venit
884 4044 972 4109 filius
996 4049 1085 4121 tuus,
1111 4049 1149 4107 ut
1173 4042 1350 4120 credebas,⁴
1372 4044 1427 4109 sed
1446 4010 1523 4117 iaie?
1533 4019 1593 4053 Μ’

380 4156 395 4182 “
418 4148 508 4213 filius
530 4150 616 4236 regis
639 4170 682 4215 ax
704 4155 799 4235 perta
814 4170 891 4227 una,
907 4166 1014 4213 comes
1031 4146 1244 4211 Gloucestrise
1260 4167 1301 4211 ex
1317 4145 1430 4224 altera,

378 4260 395 4284 “
418 4255 453 4316 et
476 4252 623 4337 Rogerus
658 4252 699 4317 ds
722 4251 894 4316 Mortimer
928 4271 970 4315 ex
1005 4252 1098 4333 parte
1133 4246 1258 4313 tertie.'’
1306 4248 1350 4312 Et
1383 4249 1432 4314 ait

410 4552 417 4584 ¹
437 4552 591 4619 mnam,
601 4555 651 4613 A.;
668 4553 876 4613 mmmmm.
930 4523 1022 4651 Μὲαὸ
1038 4522 1174 4581 occidente,
1190 4524 1240 4583 A.;
1258 4520 1431 4581 abscondente,

409 4658 460 4709 ²⁶2
472 4657 582 4725 asera]
602 4658 667 4709 som
679 4659 726 4717 Ac
743 4672 794 4709 οη
805 4657 862 4707 MS·
963 4680 974 4711 ⁴
990 4678 1119 4737 trauan
1134 4680 1185 4739 1.,
1203 4678 1327 4740 aanor,
1341 4680 1393 4731 us.
