3625 5784
612 872 882 923 arrersramsrs
904 875 1114 925 cnaoarcor.
1328 863 1392 925 465

340 1074 475 1137 suorum
498 1058 533 1121 at
555 1058 779 1125 infortunium
795 1058 967 1126 Scotorum
984 1060 1198 1145 insperatum.
1244 1057 1393 1123 Fortuna
1406 1082 1475 1119 news
1486 1069 1518 1119 of

340 1156 405 1221 ista
426 1159 539 1224 evenit
563 1161 690 1246 perdel
715 1162 858 1249 gratiam
884 1162 919 1226 in
944 1161 998 1227 die
1021 1160 1127 1227 sancti
1148 1159 1392 1225 Bartholomaei.
1405 1134 1562 1253 ffifflffi'

339 1256 431 1323 Deus
468 1261 557 1325 enim
595 1268 715 1329 cuncta
752 1263 953 1348 operabatur
986 1285 1046 1349 pro
1070 1262 1220 1351 Anglicis
1258 1262 1294 1326 in
1333 1261 1391 1325 illo

337 1360 465 1427 itinere.
527 1362 612 1428 Cum
651 1365 756 1451 igitur
792 1386 899 1432 comes
934 1364 1052 1429 Patrik
1090 1369 1124 1430 et
1162 1362 1390 1429 Archebaldus

338 1460 494 1551 Douglas,
516 1486 591 1531 cum
626 1468 753 1533 caeteris
775 1468 891 1553 quiin
914 1467 1083 1533 obsidione
1118 1465 1302 1543 steterant,l
1325 1466 1391 1532 ista

336 1586 424 1629 nova
456 1566 635 1645 audissent,
657 1569 813 1634 abierunt
835 1570 925 1634 viam
948 1591 1040 1635 suam
1063 1568 1234 1635 obsidione
1267 1569 1389 1634 relicta.

335 1666 470 1755 Anglici
493 1674 605 1734 autem
627 1674 704 1756 post
726 1690 864 1757 parvam
887 1691 1012 1736 moram
1040 1670 1251 1736 tradiderunt
1273 1669 1389 1734 villam

336 1770 449 1834 comiti
486 1770 527 1836 de
565 1770 680 1857 Fyrh2
723 1772 781 1857 qui
825 1794 861 1837 se
904 1776 980 1858 post
1018 1771 1191 1837 victoriam
1240 1772 1390 1858 Anglicis
1401 1784 1497 1861 Reno·

337 1870 535 1939 reddiderat.
595 1873 660 1939 Sed
699 1874 847 1961 Anglicis
885 1874 1025 1939 ulterius
1063 1874 1099 1937 in
1136 1878 1248 1960 partes
1291 1878 1388 1938 terrae
1401 1865 1534 1967 ξ’ὴζξᾞο

336 1974 524 2059 progressis,
547 1974 635 2040 idem
669 1996 777 2041 comes
810 1997 845 2041 se
880 1974 989 2041 Sectis
1020 1974 1171 2051 contulit,
1207 1975 1387 2061 villamque
1401 1933 1549 2059 tteegarlof

337 2073 403 2139 illis
440 2077 620 2162 proditiose
655 2077 804 2143 tradidit
860 2076 905 2142 Et
937 2076 1028 2141 Secti
1067 2075 1124 2161 qui
1162 2080 1388 2143 remanserant
1401 2048 1547 2164 22ssss

336 2176 408 2240 vivi
452 2181 680 2244 temtaverent
717 2180 840 2244 iterum
877 2178 1039 2243 insultum
1078 2182 1193 2244 eontra
1231 2177 1389 2267 Anglioos
1402 2182 1422 2231 n
1432 2189 1460 2232 ro
1471 2182 1515 2231 ¹1¹0

332 2278 434 2363 juxta
465 2279 694 2369 Muskeburg‚³
727 2282 784 2346 sed
806 2302 881 2347 cum
914 2281 1041 2369 Anglos
1075 2280 1235 2357 viderent,
1269 2302 1303 2345 se
1337 2303 1387 2345 re-
1402 2249 1481 2299 ⁸⁰⁰&

336 2385 522 2449 traxerunt.
566 2382 658 2449 Tunc
680 2383 866 2450 Edwardus
898 2381 929 2449 le
953 2382 1083 2447 Baliol⁴
1113 2382 1265 2468 protinus
1297 2403 1387 2448 coro·

336 2470 437 2548 natus
467 2489 519 2550 est
557 2486 645 2571 apud
678 2486 783 2551 Scene
818 2507 878 2551 rex
917 2483 1038 2550 Scotiae
1075 2506 1133 2569 per
1170 2485 1274 2550 socios
1312 2506 1389 2549 suos

336 2585 502 2672 Anglioos.
549 2588 692 2654 Etcum
725 2588 816 2654 Scoti
838 2590 1050 2653 coronassent
1076 2586 1229 2652 comitem
1260 2585 1388 2663 Patrik,
1403 2596 1547 2648 novercis

335 2691 410 2771 post
444 2687 617 2774 paululum
647 2688 875 2755 Archebaldus
897 2688 1046 2775 Douglas
1069 2692 1103 2752 et
1125 2687 1183 2751 alii
1217 2692 1389 2775 magnates
1401 2663 1518 2781 med
1530 2740 1557 2783 αἱ

337 2786 457 2855 Scotiae
494 2791 657 2855 miserunt
690 2790 855 2855 Eduardo
889 2789 997 2854 Balioi
1030 2810 1090 2875 per
1124 2788 1280 2876 Anglicos
1318 2789 1490 2875 regitanae.

335 2888 434 2968 facto,
456 2892 629 2977 petentes⁶
651 2896 785 2979 treugas
808 2913 913 2976 usque
940 2890 982 2955 ad
1005 2890 1278 2978 purificationem,
1301 2891 1390 2975 quod

335 3013 395 3057 rex
418 2992 538 3059 Scotiae
560 2998 671 3080 posset
685 2994 769 3060 bene
792 2999 826 3059 et
848 2992 983 3080 pacifica
998 2998 1110 3057 tenere
1133 2991 1389 3079 parliamentum

336 3093 379 3156 ad
402 3095 584 3160 uniendum
608 3100 643 3161 et
657 3095 923 3161 concordandum
941 3094 1056 3158 Scotos
1072 3094 1107 3157 in
1123 3114 1222 3159 unam
1246 3098 1387 3180 gentem.

336 3194 408 3259 Rex
442 3196 627 3262 Edwardus
658 3197 765 3261 Baliol
799 3194 884 3260 nibil
922 3195 1001 3259 mali
1040 3194 1209 3280 suspicans
1242 3194 1278 3257 in
1312 3194 1388 3271 illis,

335 3297 456 3361 annuit
487 3299 650 3385 petitioni,
675 3304 709 3363 et
740 3298 868 3362 amovit
899 3320 920 3360 a
954 3319 988 3361 se
1023 3295 1180 3381 populum
1215 3316 1321 3373 suum,
1354 3302 1388 3361 et

335 3398 448 3483 plures
486 3400 661 3466 redierunt*
694 3402 730 3464 in
769 3399 938 3486 Angliam.
1003 3396 1093 3463 Scoti
1132 3397 1267 3464 fallaces
1305 3398 1388 3473 bene

336 3503 457 3567 armati
489 3509 655 3568 venerunt
692 3502 782 3589 apud
820 3500 1012 3565 Anandiam
1050 3498 1093 3563 ad
1132 3499 1388 3585 parliamentum

272 3646 278 3659 ·
338 3603 427 3686 quod
461 3603 525 3689 ipsi
561 3604 684 3669 ibidem
716 3604 980 3693 assignaverant,
1005 3606 1039 3667 et
1070 3600 1185 3666 statim
1217 3605 1390 3688 coeperunt

336 3705 522 3771 interficere
545 3710 710 3791 quotquot
726 3707 909 3791 potuerunt
925 3725 1040 3789 capere
1057 3701 1097 3767 de
1113 3706 1208 3788 parte
1231 3702 1388 3768 Edwardi
1402 3722 1442 3771 Ha
1454 3724 1475 3773 is

335 3806 377 3870 de
412 3805 526 3872 Baliol.
572 3807 617 3871 Et
648 3808 718 3892 ipse
751 3828 810 3871 rex
832 3804 1018 3870 Edwardus
1053 3804 1158 3869 Baliol
1189 3804 1249 3869 vix
1283 3790 1528 3907 evasirggffrdw

338 3908 420 3991 quin
457 3912 573 3995 captus
612 3913 698 3973 esset
736 3913 770 3973 et
817 3907 902 3972 male
941 3910 1112 3971 tractatus.
1174 3904 1388 3990 Fueruntqua
1451 3895 1456 3906 ’

339 4009 436 4074 occisi
481 4007 604 4074 ibidem
642 4009 796 4073 dominus
833 4007 1002 4071 Walterus
1041 4005 1199 4091 Comyne,
1235 4006 1389 4070 dominus

337 4109 508 4176 Johannes
540 4110 740 4197 Mowbraye.
795 4108 868 4173 Rex
899 4106 1047 4193 perrexit
1077 4107 1166 4193 apud
1202 4106 1388 4171 Karliolum

337 4210 395 4275 ubi
427 4233 502 4277 cum
536 4211 660 4277 honore
682 4216 834 4297 receptus
857 4214 908 4274 est
930 4231 990 4296 per
1012 4208 1181 4273 dominum
1205 4207 1388 4273 Radulfum

337 4313 379 4378 de
416 4313 502 4378 Acre
540 4314 599 4399 qui
637 4336 676 4379 eo
714 4319 864 4399 tempore
902 4308 1039 4398 gerebat
1077 4308 1260 4375 custodiam
1298 4308 1388 4374 illius

370 4550 379 4582 r
396 4556 527 4609 ,pegma
538 4550 587 4612 A.;
597 4549 726 4616 secernat,
741 4551 797 4601 ΜΒ,
922 4534 933 4569 ⁴
950 4535 1018 4585 Here
1037 4549 1070 4585 on
1090 4534 1152 4585 both
1169 4534 1279 4602 margine
1297 4536 1319 4585 ir
1331 4536 1388 4587 Ed·

370 4656 381 4689 ²
396 4655 468 4721 Fui,
478 4657 534 4707 MS,
888 4612 993 4665 wardan
1005 4611 1097 4663 Balio!
1118 4620 1255 4663 coronatus
1270 4629 1316 4709 rat
1329 4616 1388 4664 Sco·

369 4762 379 4795 ³
397 4761 566 4829 Muslbarpb,
577 4761 612 4812 A.
888 4701 939 4804 mi.
947 4778 1067 4837 patenter.
1080 4772 1113 4823 A.
1125 4791 1133 4833 5
1148 4778 1287 4838 mirarer,
1298 4772 1354 4825 MS.

400 4881 417 4915 o
450 4868 541 4917 51971.
1180 4883 1204 4930 G
1229 4886 1251 4933 G
