3625 5784
211 3718 217 3732 ·
388 3698 507 3763 *Natus
521 3707 585 3779 regi
601 3704 743 3762 Eduardo
759 3706 838 3761 filius
853 3723 923 3761 suus
939 3694 1120 3762 Edwardns⁶
1135 3704 1213 3778 apud
1228 3704 1403 3763 Knmarvan

632 852 903 905 nnrcmremsrs
926 853 1136 904 csaourcou.
1339 837 1402 909 277

351 1035 552 1126 Westchepe,
586 1040 709 1127 populo
740 1040 869 1108 adhoc
891 1046 1089 1128 congregato
1112 1042 1311 1128 speculante.
1359 1038 1403 1105 Et
1416 1048 1523 1101 Μενοι-

347 1144 448 1225 caput
480 1139 587 1205 fixum
621 1146 674 1206 est
699 1142 790 1228 apud
812 1140 945 1207 Turrim
968 1142 1066 1229 longo
1089 1147 1255 1228 tempore3
1288 1146 1323 1206 et
1356 1118 1579 1234 siessfflffld'

347 1240 528 1327 adimpleta
550 1248 601 1308 est
624 1242 798 1329 prophetia
830 1266 930 1329 quem
954 1245 984 1309 ei
1017 1244 1218 1329 praedixerat
1249 1243 1402 1330 quaedam
1415 1251 1532 1311 nonnos,

347 1343 504 1430 sortilega
527 1345 563 1408 in
585 1346 748 1431 principio
771 1367 898 1430 guerrae
921 1368 1001 1423 suae,
1026 1347 1147 1425 diesne,
1171 1346 1259 1431 quod
1282 1345 1399 1410 Lewli·
1414 1318 1568 1449 ffiffiey

347 1464 410 1508 nus
455 1448 621 1531 equitaret
658 1453 834 1514 coronatus
872 1470 931 1533 per
968 1448 1114 1513 medium
1154 1448 1274 1533 Chepe‚
1312 1447 1401 1513 unde
1414 1466 1465 1499 was
1477 1448 1526 1501 ful-

348 1546 514 1612 Lewlinus
560 1548 717 1634 deceptus
755 1548 897 1614 credidit
926 1570 961 1613 se
999 1548 1151 1613 futurum
1183 1549 1251 1613 fore
1290 1570 1400 1635 regem
1413 1516 1488 1567 ΗΜ·

351 1648 486 1735 Angliae.
533 1652 607 1715 Rex
629 1652 709 1718 fecit
731 1652 848 1718 statim
870 1651 1068 1738 proclamari
1091 1674 1205 1738 pacem
1229 1675 1287 1738 per
1310 1652 1401 1717 Wal-

347 1750 436 1829 liam,
470 1758 505 1818 et
536 1754 704 1819 ordinavit
727 1754 786 1840 qui
808 1760 1083 1840 persequerentur
1117 1754 1230 1819 David
1261 1754 1399 1820 fratrem

347 1852 488 1921 lewlini
511 1878 581 1942 prae
605 1856 725 1922 timore
747 1856 964 1944 Anglicorum
996 1878 1038 1920 ne
1061 1856 1108 1921 eis
1144 1856 1266 1922 damna
1297 1857 1398 1923 infer·

347 1962 406 2024 ret.
453 1959 565 2025 David
588 1960 729 2025 vacabat
751 1959 787 2023 in
809 1958 932 2024 Wallia
963 1958 1167 2043 aliquamdiu
1198 1959 1333 2025 credens
1364 1980 1399 2023 sc
1414 1965 1504 2018 Princo

348 2058 503 2126 devenire
536 2061 580 2126 ad
602 2062 826 2148 principatum
849 2066 926 2148 post
948 2060 1084 2126 fratrem
1107 2082 1212 2126 suum.
1262 2062 1402 2148 Insuper
1414 2034 1541 2165 ἐξά)

350 2167 384 2228 et
406 2164 580 2229 mandavit
602 2163 824 2229 Wallensibus
847 2170 886 2229 ut
909 2164 1061 2229 venirent
1083 2165 1128 2229 ad
1146 2163 1402 2251 parliamentum
1416 2168 1529 2218 emetha

350 2287 447 2331 suum
469 2266 560 2352 apud
582 2265 793 2345 Dinebeht3l
824 2271 858 2332 et
880 2266 1091 2353 praesumpsit
1113 2266 1289 2333 defendere
1313 2266 1403 2333 Wal-
1416 2234 1509 2351 <iffi

350 2367 428 2433 liam
451 2373 567 2434 contra
588 2390 706 2455 regem,
730 2372 765 2435 et
787 2368 913 2455 incepit
932 2389 1094 2455 guerram,
1116 2374 1151 2434 et
1170 2369 1293 2435 malum
1314 2370 1403 2455 quod

348 2471 460 2555 potuit
493 2470 575 2537 fecit
596 2492 675 2556 erga
695 2469 822 2559 Anglos
844 2470 1026 2536 secundum
1057 2492 1153 2535 suum
1186 2492 1287 2557 posse.
1335 2468 1401 2537 E'd·

348 2571 481 2637 wardus
504 2594 584 2639 vero
606 2573 720 2658 fugare
744 2569 843 2637 eum8
865 2572 970 2658 coepit
993 2570 1143 2646 viriliter,
1167 2575 1201 2635 et
1224 2570 1336 2637 David
1367 2594 1401 2637 se
1416 2592 1550 2658 singna.

348 2673 546 2738 defendebat
567 2673 719 2759 rigorose
752 2693 855 2758 usque
887 2672 931 2737 ad
963 2671 1084 2736 festum
1118 2672 1224 2738 saneti
1249 2661 1571 2739 Maurieiiwl'ssu

348 2774 384 2840 in
429 2780 620 2855 autumn03
658 2780 692 2840 et
731 2778 811 2841 tunc
841 2774 909 2839 fuit
945 2772 1084 2859 ceptus³
1122 2778 1156 2839 ct
1201 2774 1321 2841 ductus
1359 2776 1403 2841 ad
1415 2734 1515 2843 ἔξω

348 2876 552 2941 Edwardum
584 2877 642 2961 qui
676 2875 833 2962 praecepit
867 2896 944 2940 eum
967 2874 1065 2952 trahi,
1094 2876 1261 2961 suspendi,
1296 2876 1403 2942 decol-

347 2980 419 3058 lari,
454 2986 489 3046 et
522 2981 558 3043 in
593 2984 737 3064 quatuor
770 2982 881 3065 partes
919 2978 1035 3055 dividi,
1070 2983 1105 3043 et
1141 2983 1242 3064 caput
1278 2978 1404 3065 portari

350 3081 546 3147 Londonias.
592 3082 686 3147 Tunc
708 3102 769 3147 rex
792 3080 922 3146 saisivit
944 3084 1049 3146 totam
1065 3078 1221 3146 Walliam
1244 3081 1280 3144 in
1303 3102 1404 3147 manu

350 3206 419 3263 sua,
442 3190 478 3250 et
502 3184 583 3250 fecit
605 3164 747 3250 clamare
781 3204 894 3270 paoem
917 3182 953 3247 in
977 3187 1048 3247 tota
1071 3181 1211 3261 Wallia3
1235 3187 1270 3249 et
1292 3204 1404 3249 omnes
1417 3190 1536 3241 Doridis

349 3293 521 3373 magnates
544 3286 674 3352 Walliae
706 3287 763 3372 qui
787 3285 1042 3372 supervixerant
1064 3290 1229 3351 venerunt
1261 3285 1304 3351 ad
1337 3286 1403 3351 Ed·
1416 3264 1553 3376 mand

349 3390 499 3454 wardum
522 3388 629 3455 fecere
652 3390 682 3454 ei
709 3388 904 3454 fidelitatem
928 3400 962 3453 et
984 3385 1174 3472 homagium
1197 3392 1238 3451 ut
1271 3388 1403 3453 domino
1416 3391 1503 3442 wala

351 3514 412 3559 suo
447 3492 542 3578 legio.
587 3492 661 3557 Rex
693 3496 806 3557 autem
837 3491 917 3557 feeit
951 3490 1123 3556 emendare
1146 3491 1234 3577 leges
1266 3491 1294 3555 si
1329 3458 1561 3590 quse13t{‚¹‘2}{3¹⁵¹‡1·⁵0{²l

349 3595 520 3661 defectivae
542 3601 645 3662 erant
1416 3590 1526 3656 oreng-

1415 3659 1484 3709 land.

233 3757 262 3836 ·'
352 3796 384 3852 in
417 3797 526 3854 Wallia
559 3796 606 3853 dia
629 3786 755 3853 Martis⁶
799 3796 960 3852 Nicholaus
991 3795 1045 3867 iiij.
1078 3794 1114 3851 dc
1146 3796 1247 3851 ordina
1278 3798 1402 3853 fratrum

352 3886 499 3943 Minorem
523 3892 590 3959 post
622 3885 788 3942 Honorium
820 3884 873 3957 iiij.
909 3883 984 3940 sedit
1016 3901 1091 3957 papa
1121 3884 1206 3940 annis
1238 3886 1321 3957 quasi
1344 3904 1400 3943 scx.

352 3976 415 4047 Quo
437 3994 516 4033 anno
538 3976 688 4033 Johannea
711 3976 747 4031 de
770 3974 896 4031 Pecham
931 3972 1163 4047 archiepiscopus
1185 3992 1237 4047 per
1260 3975 1402 4031 Castriam

350 4064 495 4122 transiens
527 4067 609 4123 venit
639 4066 778 4122 Walliam
810 4064 848 4119 ad
881 4062 1100 4120 reformandum
1132 4068 1241 4119 statum
1263 4064 1400 4122 ecclesiae.

349 4155 444 4212 Tanta
465 4155 523 4212 fuit
546 4154 661 4212 siccitas
684 4160 714 4211 et
738 4159 827 4211 matus
849 4160 885 4209 ut
905 4152 1040 4209 homines
1061 4156 1251 4211 morerentur.

384 4392 393 4425 ¹
411 4393 452 4443 ιζε.
464 4392 594 4459 Denhigh.
901 4388 1004 4455 Higden
1015 4388 1086 4439 there
1098 4386 1120 4438 is
1137 4403 1171 4437 no
1188 4394 1247 4437 note
1261 4386 1401 4439 cesaream

384 4472 396 4505 ²
413 4472 480 4537 eaor]
495 4472 606 4523 inserted
613 4473 696 4522 abore
707 4469 751 4520 tho
762 4467 814 4518 line
825 4466 852 4517 in
900 4468 929 4517 in
948 4466 1033 4527 MSS„
1045 4482 1092 4517 nor
1110 4464 1296 4531 Leycaatrersar'a
1316 4475 1341 4517 st
1358 4468 1401 4517 thc

352 4551 407 4603 MS.
900 4544 1035 4613 beginning
1048 4546 1077 4596 oi
1087 4545 1130 4596 the
1144 4552 1207 4595 next
1218 4560 1334 4611 passage.

384 4633 481 4683 “Here
493 4628 851 4696 onbothmarglnsiaDaoid
933 4626 1075 4675 ‘Heroon
1088 4624 1149 4675 both
1160 4622 1271 4690 margins
1284 4621 1401 4675 isNulus

351 4712 463 4777 copitar.
900 4702 1057 4755 Edwardua.

384 4790 394 4821 ⁴
411 4790 523 4857 'l'hcugh
540 4789 592 4839 this
611 4804 721 4855 passage
740 4786 762 4836 is
783 4785 850 4836 from
935 4784 944 4817 ⁶
962 4784 1048 4835 sancti
1060 4782 1157 4843 Marci,
1170 4781 1248 4849 nigre
