3625 5784
419 877 483 941 132
751 887 897 936 nuumcr
920 885 1105 938 usrcurou

420 1088 440 1114 “
466 1088 609 1144 Robertus
640 1087 743 1143 coueul
780 1086 831 1158 qui
860 1086 897 1142 da
929 1104 1009 1142 mora
1047 1087 1175 1142 multum
1204 1085 1335 1141 minatur
1365 1103 1468 1158 pamm

421 1177 440 1203 '‘
466 1182 612 1250 operatur,
636 1195 685 1232 om
707 1176 852 1241 leoninus,
876 1175 962 1231 corde
989 1176 1149 1248 leporinus,
1173 1175 1269 1230 clarus
1292 1174 1468 1247 eloquentia,

422 1268 441 1292 ‘⁸
466 1268 606 1323 obscurus
628 1265 742 1322 inertia
789 1264 902 1320 Deinde
919 1269 978 1320 stat
1001 1282 1097 1320 comes
1121 1263 1252 1332 Oestriae,
1278 1263 1324 1320 vir
1348 1263 1467 1336 quidem

422 1356 441 1380 “
466 1357 595 1413 audaciae
618 1354 837 1422 irrationabilis,
860 1358 1014 1427 promptus
1045 1355 1083 1409 ad
1106 1354 1341 1426 conspirandum,
1365 1355 1468 1408 incon-

422 1444 547 1501 “stans
603 1445 641 1500 ad
686 1443 907 1516 perficiendum,
961 1443 1060 1499 animo
1105 1443 1296 1516 impetuosus,
1345 1441 1468 1515 periculi

423 1535 443 1560 ‘⁸
467 1534 657 1607 improvidus,
680 1534 786 1590 altiora
806 1532 989 1599 machinans,
1005 1532 1196 1605 impossibilia
1210 1537 1368 1605 temptans,
1392 1529 1469 1604 quod

424 1623 553 1700 “avide
591 1623 706 1696 incipit,
740 1623 907 1680 effeminate
946 1621 1077 1689 deaerit;
1111 1623 1220 1693 ubique
1259 1621 1467 1686 infortunatus,

422 1709 441 1738 “
466 1719 517 1768 aut
539 1712 620 1768 vinci
642 1717 695 1768 aut
717 1711 842 1784 effugari
878 1716 1020 1778 assuctus,
1055 1711 1225 1782 transfugas
1258 1716 1289 1767 et
1313 1710 1467 1781 girovagoa

424 1803 443 1828 “
468 1821 567 1858 secum
589 1801 709 1857 adducit
730 1802 901 1868 Walleuees,
926 1800 977 1872 qui
1000 1806 1110 1873 quanto
1132 1807 1202 1856 suut
1223 1819 1345 1856 numero
1369 1800 1467 1871 plures

425 1891 440 1917 “
466 1897 549 1947 tanto
571 1890 758 1947 deteriorea.”
805 1891 864 1946 Sed
879 1907 945 1945 ecce
960 1889 1129 1962 priusquam
1146 1890 1233 1946 dictis
1256 1889 1344 1944 finem
1359 1891 1466 1944 faceret

422 1981 505 2036 adest
526 1981 636 2036 clamor
657 1979 796 2046 hostium,
828 1979 948 2050 claugor
982 1979 1133 2046 lituorum,
1157 1979 1291 2035 fremitus
1314 1997 1465 2051 equorum,

422 2069 576 2126 offendunt
597 2069 683 2135 acies,
706 2068 815 2125 cadunt
833 2086 945 2140 segnes,
969 2087 1020 2125 rex
1042 2069 1166 2140 capitur,
1190 2069 1226 2124 ad
1251 2067 1465 2140 imperatricem

422 2159 585 2226 adducitur,
607 2163 638 2214 et
671 2177 689 2213 a
721 2158 795 2214 festo
826 2157 1042 2213 Purificatiouis
1074 2175 1165 2230 usque
1191 2158 1229 2213 ad
1259 2158 1465 2214 exaltationem

422 2254 532 2305 sanctae
566 2248 659 2304 erucis
693 2247 772 2320 apud
806 2247 986 2304 Bristolliam
1016 2247 1194 2313 vinculatur,
1233 2265 1268 2303 ex
1306 2246 1389 2318 cujus
1423 2249 1466 2302 rei

422 2343 530 2393 eventu
553 2337 723 2410 imperatrix
745 2336 835 2392 nimis
856 2337 934 2392 elata
957 2337 1178 2393 Oireneestriam
1206 2341 1337 2408 occupat,
1362 2336 1466 2392 deinde

423 2425 623 2500 Wyutoniam,
647 2425 699 2482 ubi
714 2427 892 2498 approbante
914 2426 969 2482 hoc
992 2426 1088 2497 legato
1110 2445 1193 2498 papae
1215 2425 1467 2498 processionaliter

424 2517 575 2588 sucipitur.
607 2516 682 2572 Inde
697 2515 879 2580 Wiltoniam,
898 2515 1051 2582 Oxouiam,
1076 2515 1256 2586 Radingum,
1280 2516 1318 2571 ad
1333 2519 1466 2570 sanctum

422 2605 570 2660 Albanum
593 2605 650 2661 iter
687 2605 817 2675 dirigens
855 2623 873 2659 a
910 2605 1025 2661 cunctis
1062 2605 1180 2678 ubique,
1204 2605 1333 2677 exceptis
1371 2605 1465 2660 solum

423 2695 632 2761 Kantensibus,
656 2699 806 2766 gratanter
838 2693 1008 2766 excipitur;
1044 2700 1213 2751 occurrente
1250 2694 1278 2750 ai
1315 2693 1467 2766 potissime

423 2785 589 2840 Theobaldo
611 2783 834 2856 archiepiscopo.
881 2783 956 2839 Inde
988 2783 1153 2840 bondoniae
1175 2783 1296 2840 veniens
1329 2783 1365 2840 de
1387 2789 1466 2838 statu

422 2873 507 2946 regui
541 2878 711 2940 tractatura,
750 2872 937 2945 interpellata
974 2877 1018 2928 est
1052 2891 1069 2928 a
1101 2874 1205 2945 regina
1235 2873 1354 2945 Angliae
1388 2872 1467 2945 regis

424 2963 567 3036 Stephani
597 2981 697 3029 uxore,
730 2967 765 3018 ut
786 2981 838 3017 rex
869 2961 981 3017 absolvi
1004 2967 1100 3033 posset
1131 2981 1166 3018 ea
1188 2961 1363 3030 conditione,
1388 2962 1624 3043 quodTwyfl,001.

422 3070 514 3124 regno
536 3052 717 3126 imperatrici
738 3051 854 3107 reddito
884 3069 936 3107 rex
973 3050 1081 3106 alicubi
1104 3057 1200 3124 posset
1223 3052 1393 3108 monachari
1415 3049 1553 3108 cutm?-

423 3147 562 3214 perpetuo
594 3141 795 3213 peregrinari3
820 3140 953 3196 sednon
983 3141 1039 3196 hoc
1071 3141 1228 3197 exaudivit.
1274 3142 1468 3213 Interpellata

423 3237 468 3286 est
484 3232 574 3286 etiam
607 3249 625 3286 a
657 3229 770 3285 civibus
803 3229 1045 3285 Londonensibus
1077 3235 1111 3284 ut
1150 3231 1251 3286 liceret
1284 3231 1330 3286 uti
1352 3231 1467 3302 legibus

423 3319 517 3376 macti
539 3320 686 3386 Edwardi,
709 3337 769 3374 non
791 3324 891 3375 autem
914 3319 1027 3390 legibus
1059 3319 1151 3390 patrie
1175 3320 1220 3374 eui
1254 3319 1375 3376 Raurici
1399 3321 1468 3391 quia

423 3427 527 3480 graves
541 3415 633 3466 arant.
667 3409 726 3464 Sed
740 3408 793 3464 illa
807 3427 867 3465 nou
890 3409 1027 3464 advertit.
1068 3408 1142 3464 Inde
1158 3409 1282 3482 populus
1305 3421 1468 3466 commotus

423 3517 487 3554 eam
520 3517 621 3571 capere
653 3497 765 3554 statuit.
811 3497 894 3567 Quod
930 3498 982 3554 illa
1019 3497 1198 3570 comperiens
1236 3499 1356 3554 dimissa
1387 3499 1468 3554 omui

423 3588 598 3661 supellectili
630 3605 682 3641 sua
708 3586 851 3643 Oxouiam
881 3587 969 3658 fugit,
1000 3587 1051 3642 ubi
1086 3588 1229 3658 dispersos
1259 3587 1368 3645 milites
1402 3607 1469 3644 suos

423 3675 594 3749 expectavit.
648 3675 721 3732 Inda
757 3681 907 3748 assumpto
944 3693 1040 3732 secum
1086 3679 1232 3732 avunculo
1277 3695 1328 3734 suo
1372 3678 1468 3733 David

424 3767 578 3822 Scotorum
622 3783 691 3836 rcge
729 3783 795 3820 cum
829 3783 920 3820 mann
957 3764 1079 3820 militari
1127 3766 1317 3839 Wyntoniam
1362 3767 1467 3833 tendit,

423 3856 528 3910 turrim
573 3853 702 3926 episcopi
739 3855 789 3909 ubi
835 3855 925 3910 frater
969 3855 1047 3926 regis
1091 3861 1164 3921 erat,
1203 3857 1308 3911 acriter
1345 3856 1467 3912 obsedit.

425 3944 653 4016 Superveniante
709 3943 827 3999 tandem
872 3943 975 4016 regina
1024 3961 1092 3999 cum
1138 3945 1286 4002 Willelmo
1329 3945 1466 4017 Ypreusi,
1527 3933 1532 3945 ⁶

424 4033 594 4105 imperatrix
617 4033 660 4088 ita
681 4031 787 4088 timore
815 4034 944 4089 resoluta
966 4038 1019 4100 cst,
1044 4039 1079 4089 ut
1100 4034 1208 4090 feretro
1231 4034 1369 4106 imposita
1390 4053 1424 4090 ao
1443 4035 1468 4090 si

424 4124 546 4180 cadaver
568 4127 644 4179 esset
665 4122 748 4194 equis
781 4122 978 4179 deferentibus
1001 4123 1038 4177 ad
1060 4124 1162 4179 urbem
1186 4123 1350 4180 Gloverniae
1372 4123 1470 4180 delata

423 4218 477 4269 cst.
539 4213 642 4268 Comes
676 4212 820 4268 Robertus
853 4213 942 4267 frater
974 4229 1043 4267 auus
1074 4211 1194 4268 iuterim
1220 4219 1322 4285 captus
1353 4219 1407 4279 eet,
1440 4218 1470 4269 et

424 4302 627 4358 incarceratus.
674 4303 772 4372 Igitur
794 4307 945 4372 satagente
976 4300 1079 4370 regina
1101 4319 1154 4373 pro
1183 4319 1262 4373 rege,
1286 4302 1470 4374 imperatrice

422 4409 475 4463 pro
497 4392 588 4447 fratre
612 4409 675 4458 suo,
701 4391 805 4445 multia
827 4391 898 4445 hinc
914 4389 982 4444 inde
997 4391 1223 4461 procurantibus
1245 4391 1314 4447 talia
1336 4392 1470 4449 liberatio

422 4480 602 4552 providetur,
642 4484 677 4534 ut
709 4498 760 4536 rex
790 4496 843 4534 auo
879 4478 1053 4535 restituatur
1083 4497 1183 4550 regna,
1222 4485 1252 4535 et
1291 4498 1385 4536 comes
1417 4497 1470 4536 suo

423 4569 563 4635 dominio,
596 4575 628 4626 et
650 4568 736 4625 ambo
759 4568 896 4640 deinceps
930 4567 1026 4624 forant
1059 4570 1145 4639 regni
1176 4569 1372 4626 moderatores
1396 4569 1472 4626 sicut

421 4660 581 4715 extiterant
614 4659 787 4715 turbatores.
827 4657 887 4713 Sed
918 4658 1024 4714 comite
1057 4659 1088 4714 id
1125 4663 1278 4726 renuente,
1302 4665 1471 4732 portatum

420 4765 530 4804 annum
561 4766 687 4819 reguum
726 4745 873 4819 subjacuit
904 4747 1016 4819 rapinis
1054 4753 1084 4804 et
1115 4749 1245 4806 caedibus
1279 4767 1313 4806 ac
1345 4748 1472 4806 divitum
