<?xml version="1.0" encoding="UTF-8"?>
<!DOCTYPE html PUBLIC "-//W3C//DTD XHTML 1.0 Transitional//EN"
    "http://www.w3.org/TR/xhtml1/DTD/xhtml1-transitional.dtd">
<html xmlns="http://www.w3.org/1999/xhtml" xml:lang="en" lang="en">
 <head>
  <title>
</title>
<meta http-equiv="Content-Type" content="text/html;charset=utf-8" />
  <meta name='ocr-system' content='tesseract 3.04.00' />
  <meta name='ocr-capabilities' content='ocr_page ocr_carea ocr_par ocr_line ocrx_word'/>
</head>
<body>
  <div class='ocr_page' id='page_1' title='image "./chroniconhenric00lumbgoog_0111.png"; bbox 0 0 3625 5784; ppageno 0'>
   <div class='ocr_carea' id='block_1_1' title="bbox 429 853 1136 911">
    <p class='ocr_par' dir='ltr' id='par_1_1' title="bbox 429 853 1136 911">
     <span class='ocr_line' id='line_1_1' title="bbox 429 853 1136 911; baseline -0.003 0"><span class='ocrx_word' id='word_1_1' title='bbox 429 853 472 911; x_wconf 84' lang='lat'><strong>88</strong></span> <span class='ocrx_word' id='word_1_2' title='bbox 698 869 705 892; x_wconf 82' lang='lat'>¹</span> <span class='ocrx_word' id='word_1_3' title='bbox 779 861 927 911; x_wconf 76' lang='lat' dir='ltr'>HENRICI</span> <span class='ocrx_word' id='word_1_4' title='bbox 953 861 1136 910; x_wconf 79' lang='lat' dir='ltr'><strong>KNlGH&#39;l&#39;ON</strong></span> 
     </span>
    </p>
   </div>
   <div class='ocr_carea' id='block_1_2' title="bbox 422 1055 1481 1402">
    <p class='ocr_par' dir='ltr' id='par_1_2' title="bbox 422 1055 1481 1402">
     <span class='ocr_line' id='line_1_2' title="bbox 425 1055 1478 1132; baseline -0.008 -13"><span class='ocrx_word' id='word_1_5' title='bbox 425 1080 462 1119; x_wconf 88' lang='lat' dir='ltr'><strong>ne</strong></span> <span class='ocrx_word' id='word_1_6' title='bbox 477 1061 562 1117; x_wconf 73' lang='lat' dir='ltr'><strong>fratri</strong></span> <span class='ocrx_word' id='word_1_7' title='bbox 585 1080 637 1118; x_wconf 86' lang='lat' dir='ltr'><strong>suo</strong></span> <span class='ocrx_word' id='word_1_8' title='bbox 660 1063 770 1117; x_wconf 81' lang='lat' dir='ltr'><strong>faveret</strong></span> <span class='ocrx_word' id='word_1_9' title='bbox 792 1060 961 1132; x_wconf 87' lang='lat' dir='ltr'><strong>impediens.</strong></span> <span class='ocrx_word' id='word_1_10' title='bbox 1009 1058 1114 1132; x_wconf 81' lang='lat' dir='ltr'><strong>Sicque</strong></span> <span class='ocrx_word' id='word_1_11' title='bbox 1137 1057 1319 1114; x_wconf 84' lang='lat' dir='ltr'><strong>Normnnnin</strong></span> <span class='ocrx_word' id='word_1_12' title='bbox 1342 1056 1393 1110; x_wconf 89' lang='lat' dir='ltr'><strong>din</strong></span> <span class='ocrx_word' id='word_1_13' title='bbox 1409 1055 1478 1112; x_wconf 89' lang='lat' dir='ltr'><strong>flnc-</strong></span> 
     </span>
     <span class='ocr_line' id='line_1_3' title="bbox 427 1147 1480 1218; baseline -0.007 -12"><span class='ocrx_word' id='word_1_14' title='bbox 427 1153 537 1218; x_wconf 84' lang='lat' dir='ltr'><strong>tunbet,</strong></span> <span class='ocrx_word' id='word_1_15' title='bbox 560 1152 646 1207; x_wconf 91' lang='lat' dir='ltr'><strong>modo</strong></span> <span class='ocrx_word' id='word_1_16' title='bbox 668 1152 733 1217; x_wconf 86' lang='lat' dir='ltr'><strong>uni,</strong></span> <span class='ocrx_word' id='word_1_17' title='bbox 759 1150 846 1205; x_wconf 93' lang='lat' dir='ltr'><strong>modo</strong></span> <span class='ocrx_word' id='word_1_18' title='bbox 869 1149 954 1204; x_wconf 84' lang='lat' dir='ltr'><strong>elteri</strong></span> <span class='ocrx_word' id='word_1_19' title='bbox 979 1150 1063 1203; x_wconf 84' lang='lat' dir='ltr'><strong>lrstri</strong></span> <span class='ocrx_word' id='word_1_20' title='bbox 1086 1149 1196 1212; x_wconf 81' lang='lat' dir='ltr'><strong>ferens,</strong></span> <span class='ocrx_word' id='word_1_21' title='bbox 1220 1147 1312 1202; x_wconf 90' lang='lat' dir='ltr'><strong>donee</strong></span> <span class='ocrx_word' id='word_1_22' title='bbox 1335 1147 1480 1201; x_wconf 86' lang='lat' dir='ltr'><strong>Robertus</strong></span> 
     </span>
     <span class='ocr_line' id='line_1_4' title="bbox 423 1235 1481 1310; baseline -0.007 -13"><span class='ocrx_word' id='word_1_23' title='bbox 423 1241 651 1297; x_wconf 74' lang='lat' dir='ltr'><strong>cenomanniam</strong></span> <span class='ocrx_word' id='word_1_24' title='bbox 673 1246 704 1295; x_wconf 92' lang='lat' dir='ltr'><strong>et</strong></span> <span class='ocrx_word' id='word_1_25' title='bbox 725 1259 775 1295; x_wconf 86' lang='lat' dir='ltr'><strong>rex</strong></span> <span class='ocrx_word' id='word_1_26' title='bbox 790 1239 957 1295; x_wconf 86' lang='lat' dir='ltr'><strong>Willelmus</strong></span> <span class='ocrx_word' id='word_1_27' title='bbox 971 1239 1104 1310; x_wconf 77' lang='lat' dir='ltr'><strong>quendem</strong></span> <span class='ocrx_word' id='word_1_28' title='bbox 1127 1241 1222 1293; x_wconf 84' lang='lat' dir='ltr'><strong>cnstrn</strong></span> <span class='ocrx_word' id='word_1_29' title='bbox 1244 1236 1276 1290; x_wconf 88' lang='lat' dir='ltr'><strong>in</strong></span> <span class='ocrx_word' id='word_1_30' title='bbox 1299 1235 1481 1292; x_wconf 84' lang='lat' dir='ltr'><strong>Normsunin</strong></span> 
     </span>
     <span class='ocr_line' id='line_1_5' title="bbox 422 1329 990 1402; baseline 0.005 -17"><span class='ocrx_word' id='word_1_31' title='bbox 422 1329 617 1402; x_wconf 70' lang='lat' dir='ltr'>optinuerant.</span> <span class='ocrx_word' id='word_1_32' title='bbox 986 1341 990 1346; x_wconf 84' lang='lat'>&#39;</span> 
     </span>
    </p>
   </div>
   <div class='ocr_carea' id='block_1_3' title="bbox 413 1427 1629 3469">
    <p class='ocr_par' dir='ltr' id='par_1_3' title="bbox 413 1427 1629 3469">
     <span class='ocr_line' id='line_1_6' title="bbox 467 1427 1478 1501; baseline -0.004 -14"><span class='ocrx_word' id='word_1_33' title='bbox 467 1434 585 1488; x_wconf 84' lang='lat' dir='ltr'><strong>Interes</strong></span> <span class='ocrx_word' id='word_1_34' title='bbox 616 1432 722 1488; x_wconf 83' lang='lat' dir='ltr'><strong>tertius</strong></span> <span class='ocrx_word' id='word_1_35' title='bbox 753 1433 843 1487; x_wconf 77' lang='lat' dir='ltr'><strong>freter</strong></span> <span class='ocrx_word' id='word_1_36' title='bbox 875 1433 1021 1488; x_wconf 88' lang='lat' dir='ltr'><strong>Henricns</strong></span> <span class='ocrx_word' id='word_1_37' title='bbox 1055 1429 1224 1485; x_wconf 81' lang='lat' dir='ltr'><strong>infrendens</strong></span> <span class='ocrx_word' id='word_1_38' title='bbox 1254 1427 1332 1501; x_wconf 84' lang='lat' dir='ltr'><strong>quod</strong></span> <span class='ocrx_word' id='word_1_39' title='bbox 1354 1427 1399 1483; x_wconf 94' lang='lat' dir='ltr'><strong>nil</strong></span> <span class='ocrx_word' id='word_1_40' title='bbox 1421 1428 1478 1484; x_wconf 91' lang='lat' dir='ltr'><strong>sibi</strong></span> 
     </span>
     <span class='ocr_line' id='line_1_7' title="bbox 422 1518 1477 1594; baseline -0.003 -18"><span class='ocrx_word' id='word_1_41' title='bbox 422 1521 459 1578; x_wconf 90' lang='lat' dir='ltr'><strong>de</strong></span> <span class='ocrx_word' id='word_1_42' title='bbox 473 1522 560 1577; x_wconf 89' lang='lat' dir='ltr'><strong>terris</strong></span> <span class='ocrx_word' id='word_1_43' title='bbox 574 1523 806 1594; x_wconf 73' lang='lat' dir='ltr'><strong>impartiebatur,</strong></span> <span class='ocrx_word' id='word_1_44' title='bbox 821 1527 952 1577; x_wconf 89' lang='lat' dir='ltr'><strong>montem</strong></span> <span class='ocrx_word' id='word_1_45' title='bbox 973 1520 1126 1576; x_wconf 74' lang='lat' dir='ltr'><strong>Michaelis</strong></span> <span class='ocrx_word' id='word_1_46' title='bbox 1141 1518 1303 1590; x_wconf 74' lang='lat' dir='ltr'><strong>occupavit,</strong></span> <span class='ocrx_word' id='word_1_47' title='bbox 1320 1523 1477 1590; x_wconf 89' lang='lat' dir='ltr'><strong>utrumque</strong></span> 
     </span>
     <span class='ocr_line' id='line_1_8' title="bbox 421 1607 1476 1681; baseline -0.005 -14"><span class='ocrx_word' id='word_1_48' title='bbox 421 1612 543 1667; x_wconf 74' lang='lat' dir='ltr'><strong>fratrem</strong></span> <span class='ocrx_word' id='word_1_49' title='bbox 565 1612 693 1666; x_wconf 82' lang='lat' dir='ltr'><strong>vicissim</strong></span> <span class='ocrx_word' id='word_1_50' title='bbox 727 1611 896 1680; x_wconf 84' lang='lat' dir='ltr'><strong>incursnvit‚</strong></span> <span class='ocrx_word' id='word_1_51' title='bbox 920 1611 971 1665; x_wconf 90' lang='lat' dir='ltr'><strong>ubi</strong></span> <span class='ocrx_word' id='word_1_52' title='bbox 1003 1609 1127 1681; x_wconf 81' lang='lat' dir='ltr'><strong>qundnm</strong></span> <span class='ocrx_word' id='word_1_53' title='bbox 1160 1608 1207 1662; x_wconf 91' lang='lat' dir='ltr'><strong>die</strong></span> <span class='ocrx_word' id='word_1_54' title='bbox 1237 1627 1287 1663; x_wconf 83' lang='lat' dir='ltr'><strong>rex</strong></span> <span class='ocrx_word' id='word_1_55' title='bbox 1309 1607 1476 1663; x_wconf 86' lang='lat' dir='ltr'><strong>Willelmus</strong></span> 
     </span>
     <span class='ocr_line' id='line_1_9' title="bbox 422 1697 1475 1771; baseline -0.003 -16"><span class='ocrx_word' id='word_1_56' title='bbox 422 1700 642 1756; x_wconf 77' lang='lat' dir='ltr'><strong>tabernaculum</strong></span> <span class='ocrx_word' id='word_1_57' title='bbox 674 1719 760 1756; x_wconf 88' lang='lat' dir='ltr'><strong>suum</strong></span> <span class='ocrx_word' id='word_1_58' title='bbox 792 1718 925 1771; x_wconf 84' lang='lat' dir='ltr'><strong>egressus</strong></span> <span class='ocrx_word' id='word_1_59' title='bbox 956 1718 1023 1754; x_wconf 91' lang='lat' dir='ltr'><strong>cnm</strong></span> <span class='ocrx_word' id='word_1_60' title='bbox 1058 1697 1169 1770; x_wconf 80' lang='lat' dir='ltr'><strong>paucis,</strong></span> <span class='ocrx_word' id='word_1_61' title='bbox 1193 1697 1280 1752; x_wconf 89' lang='lat' dir='ltr'><strong>irruit</strong></span> <span class='ocrx_word' id='word_1_62' title='bbox 1311 1697 1343 1750; x_wconf 92' lang='lat' dir='ltr'><strong>in</strong></span> <span class='ocrx_word' id='word_1_63' title='bbox 1366 1698 1475 1752; x_wconf 91' lang='lat' dir='ltr'><strong>multos</strong></span> 
     </span>
     <span class='ocr_line' id='line_1_10' title="bbox 422 1786 1473 1862; baseline -0.002 -18"><span class='ocrx_word' id='word_1_64' title='bbox 422 1791 519 1845; x_wconf 91' lang='lat' dir='ltr'><strong>hostes</strong></span> <span class='ocrx_word' id='word_1_65' title='bbox 549 1791 611 1862; x_wconf 84' lang='lat' dir='ltr'><strong>ipse</strong></span> <span class='ocrx_word' id='word_1_66' title='bbox 643 1790 825 1862; x_wconf 84' lang='lat' dir='ltr'><strong>improvisus,</strong></span> <span class='ocrx_word' id='word_1_67' title='bbox 853 1790 904 1844; x_wconf 88' lang='lat' dir='ltr'><strong>sed</strong></span> <span class='ocrx_word' id='word_1_68' title='bbox 939 1807 1013 1860; x_wconf 87' lang='lat' dir='ltr'><strong>equo</strong></span> <span class='ocrx_word' id='word_1_69' title='bbox 1047 1806 1098 1843; x_wconf 90' lang='lat' dir='ltr'><strong>suo</strong></span> <span class='ocrx_word' id='word_1_70' title='bbox 1133 1788 1186 1842; x_wconf 91' lang='lat' dir='ltr'><strong>sub</strong></span> <span class='ocrx_word' id='word_1_71' title='bbox 1218 1786 1377 1842; x_wconf 77' lang='lat' dir='ltr'><strong>lemuribus</strong></span> <span class='ocrx_word' id='word_1_72' title='bbox 1413 1787 1473 1842; x_wconf 88' lang='lat' dir='ltr'><strong>suis</strong></span> 
     </span>
     <span class='ocr_line' id='line_1_11' title="bbox 422 1876 1473 1952; baseline -0.005 -18"><span class='ocrx_word' id='word_1_73' title='bbox 422 1880 526 1945; x_wconf 87' lang='lat' dir='ltr'><strong>occiso,</strong></span> <span class='ocrx_word' id='word_1_74' title='bbox 551 1880 613 1951; x_wconf 86' lang='lat' dir='ltr'><strong>ipse</strong></span> <span class='ocrx_word' id='word_1_75' title='bbox 635 1898 687 1952; x_wconf 90' lang='lat' dir='ltr'><strong>per</strong></span> <span class='ocrx_word' id='word_1_76' title='bbox 709 1879 812 1950; x_wconf 89' lang='lat' dir='ltr'><strong>pedem</strong></span> <span class='ocrx_word' id='word_1_77' title='bbox 835 1878 887 1932; x_wconf 90' lang='lat' dir='ltr'><strong>diu</strong></span> <span class='ocrx_word' id='word_1_78' title='bbox 910 1883 1021 1934; x_wconf 79' lang='lat' dir='ltr'><strong>tructus</strong></span> <span class='ocrx_word' id='word_1_79' title='bbox 1044 1877 1188 1948; x_wconf 76' lang='lat' dir='ltr'><strong>probitate</strong></span> <span class='ocrx_word' id='word_1_80' title='bbox 1211 1876 1309 1930; x_wconf 77' lang='lat' dir='ltr'><strong>loricae</strong></span> <span class='ocrx_word' id='word_1_81' title='bbox 1333 1893 1392 1930; x_wconf 79' lang='lat' dir='ltr'><strong>suae</strong></span> <span class='ocrx_word' id='word_1_82' title='bbox 1416 1876 1473 1930; x_wconf 81' lang='lat' dir='ltr'><strong>sel-</strong></span> 
     </span>
     <span class='ocr_line' id='line_1_12' title="bbox 421 1964 1473 2037; baseline -0.002 -15"><span class='ocrx_word' id='word_1_83' title='bbox 421 1973 507 2023; x_wconf 81' lang='lat' dir='ltr'><strong>vntus</strong></span> <span class='ocrx_word' id='word_1_84' title='bbox 544 1974 588 2024; x_wconf 89' lang='lat' dir='ltr'><strong>est</strong></span> <span class='ocrx_word' id='word_1_85' title='bbox 623 1987 660 2024; x_wconf 91' lang='lat' dir='ltr'><strong>ne</strong></span> <span class='ocrx_word' id='word_1_86' title='bbox 692 1968 865 2034; x_wconf 73' lang='lat' dir='ltr'><strong>lederetur3</strong></span> <span class='ocrx_word' id='word_1_87' title='bbox 898 1968 983 2024; x_wconf 88' lang='lat' dir='ltr'><strong>miles</strong></span> <span class='ocrx_word' id='word_1_88' title='bbox 1015 1972 1113 2022; x_wconf 80' lang='lat' dir='ltr'><strong>nutem</strong></span> <span class='ocrx_word' id='word_1_89' title='bbox 1148 1965 1199 2037; x_wconf 91' lang='lat' dir='ltr'><strong>qui</strong></span> <span class='ocrx_word' id='word_1_90' title='bbox 1230 1983 1295 2020; x_wconf 88' lang='lat' dir='ltr'><strong>enm</strong></span> <span class='ocrx_word' id='word_1_91' title='bbox 1329 1964 1473 2036; x_wconf 79' lang='lat' dir='ltr'><strong>dejecerat</strong></span> 
     </span>
     <span class='ocr_line' id='line_1_13' title="bbox 421 2053 1472 2130; baseline -0.004 -18"><span class='ocrx_word' id='word_1_92' title='bbox 421 2076 542 2112; x_wconf 85' lang='lat' dir='ltr'><strong>menum</strong></span> <span class='ocrx_word' id='word_1_93' title='bbox 564 2058 602 2113; x_wconf 83' lang='lat' dir='ltr'><strong>nd</strong></span> <span class='ocrx_word' id='word_1_94' title='bbox 623 2058 761 2130; x_wconf 75' lang='lat' dir='ltr'><strong>capulum</strong></span> <span class='ocrx_word' id='word_1_95' title='bbox 782 2057 874 2128; x_wconf 72' lang='lat' dir='ltr'><strong>gladii</strong></span> <span class='ocrx_word' id='word_1_96' title='bbox 898 2057 944 2112; x_wconf 92' lang='lat' dir='ltr'><strong>sui</strong></span> <span class='ocrx_word' id='word_1_97' title='bbox 967 2056 1080 2129; x_wconf 80' lang='lat' dir='ltr'><strong>optavit</strong></span> <span class='ocrx_word' id='word_1_98' title='bbox 1095 2061 1128 2116; x_wconf 92' lang='lat' dir='ltr'><strong>ut</strong></span> <span class='ocrx_word' id='word_1_99' title='bbox 1142 2071 1242 2127; x_wconf 87' lang='lat' dir='ltr'><strong>regem</strong></span> <span class='ocrx_word' id='word_1_100' title='bbox 1265 2055 1372 2110; x_wconf 85' lang='lat' dir='ltr'><strong>feriret.</strong></span> <span class='ocrx_word' id='word_1_101' title='bbox 1417 2053 1472 2110; x_wconf 84' lang='lat' dir='ltr'><strong>Oui</strong></span> 
     </span>
     <span class='ocr_line' id='line_1_14' title="bbox 420 2137 1473 2218; baseline -0.004 -18"><span class='ocrx_word' id='word_1_102' title='bbox 420 2164 489 2201; x_wconf 80' lang='lat' dir='ltr'><strong>rex:</strong></span> <span class='ocrx_word' id='word_1_103' title='bbox 507 2143 525 2172; x_wconf 91' lang='lat'><strong><em>“</em></strong></span> <span class='ocrx_word' id='word_1_104' title='bbox 534 2146 655 2216; x_wconf 77' lang='lat' dir='ltr'><strong>Quiesce</strong></span> <span class='ocrx_word' id='word_1_105' title='bbox 671 2147 788 2212; x_wconf 91' lang='lat' dir='ltr'><strong>nebulo,</strong></span> <span class='ocrx_word' id='word_1_106' title='bbox 804 2165 854 2202; x_wconf 88' lang='lat' dir='ltr'><strong>rex</strong></span> <span class='ocrx_word' id='word_1_107' title='bbox 869 2145 989 2218; x_wconf 72' lang='lat' dir='ltr'><strong>Angliae</strong></span> <span class='ocrx_word' id='word_1_108' title='bbox 1006 2164 1071 2201; x_wconf 87' lang='lat' dir='ltr'><strong>sum</strong></span> <span class='ocrx_word' id='word_1_109' title='bbox 1086 2137 1167 2216; x_wconf 84' lang='lat' dir='ltr'><strong>ego.&#39;’</strong></span> <span class='ocrx_word' id='word_1_110' title='bbox 1214 2145 1356 2200; x_wconf 83' lang='lat' dir='ltr'><strong>Tremunt</strong></span> <span class='ocrx_word' id='word_1_111' title='bbox 1370 2161 1473 2199; x_wconf 81' lang='lat' dir='ltr'><strong>vocem</strong></span> 
     </span>
     <span class='ocr_line' id='line_1_15' title="bbox 420 2233 1471 2308; baseline -0.003 -18"><span class='ocrx_word' id='word_1_112' title='bbox 420 2237 527 2307; x_wconf 83' lang='lat' dir='ltr'><strong>vulgus</strong></span> <span class='ocrx_word' id='word_1_113' title='bbox 549 2237 690 2304; x_wconf 89' lang='lat' dir='ltr'><strong>militum,</strong></span> <span class='ocrx_word' id='word_1_114' title='bbox 706 2237 831 2292; x_wconf 77' lang='lat' dir='ltr'><strong>alterum</strong></span> <span class='ocrx_word' id='word_1_115' title='bbox 846 2255 954 2308; x_wconf 90' lang='lat' dir='ltr'><strong>equum</strong></span> <span class='ocrx_word' id='word_1_116' title='bbox 976 2235 1040 2307; x_wconf 79' lang='lat' dir='ltr'><strong>regi</strong></span> <span class='ocrx_word' id='word_1_117' title='bbox 1062 2234 1219 2290; x_wconf 79' lang='lat' dir='ltr'><strong>adducunt.</strong></span> <span class='ocrx_word' id='word_1_118' title='bbox 1265 2233 1327 2303; x_wconf 83' lang='lat' dir='ltr'><strong>Quo</strong></span> <span class='ocrx_word' id='word_1_119' title='bbox 1342 2251 1471 2299; x_wconf 77' lang='lat' dir='ltr'><strong>escenso,</strong></span> 
     </span>
     <span class='ocr_line' id='line_1_16' title="bbox 420 2323 1473 2397; baseline -0.002 -19"><span class='ocrx_word' id='word_1_120' title='bbox 420 2325 545 2396; x_wconf 86' lang='lat' dir='ltr'><strong>inquirit</strong></span> <span class='ocrx_word' id='word_1_121' title='bbox 567 2328 632 2397; x_wconf 88' lang='lat' dir='ltr'><strong>quis</strong></span> <span class='ocrx_word' id='word_1_122' title='bbox 654 2344 722 2381; x_wconf 91' lang='lat' dir='ltr'><strong>eum</strong></span> <span class='ocrx_word' id='word_1_123' title='bbox 744 2324 890 2395; x_wconf 86' lang='lat' dir='ltr'><strong>dejecerit.</strong></span> <span class='ocrx_word' id='word_1_124' title='bbox 937 2324 1062 2397; x_wconf 85' lang='lat' dir='ltr'><strong>“Ego,’&#39;</strong></span> <span class='ocrx_word' id='word_1_125' title='bbox 1085 2324 1128 2379; x_wconf 86' lang='lat' dir='ltr'><strong>nit</strong></span> <span class='ocrx_word' id='word_1_126' title='bbox 1149 2324 1233 2380; x_wconf 85' lang='lat' dir='ltr'><strong>miles</strong></span> <span class='ocrx_word' id='word_1_127' title='bbox 1256 2324 1306 2378; x_wconf 94' lang='lat' dir='ltr'><strong>ille</strong></span> <span class='ocrx_word' id='word_1_128' title='bbox 1337 2323 1386 2394; x_wconf 90' lang='lat' dir='ltr'><strong>qui</strong></span> <span class='ocrx_word' id='word_1_129' title='bbox 1416 2324 1473 2377; x_wconf 93' lang='lat' dir='ltr'><strong>hoc</strong></span> 
     </span>
     <span class='ocr_line' id='line_1_17' title="bbox 420 2409 1472 2487; baseline -0.003 -19"><span class='ocrx_word' id='word_1_130' title='bbox 420 2415 538 2480; x_wconf 79' lang='lat' dir='ltr'><strong>feceret,</strong></span> <span class='ocrx_word' id='word_1_131' title='bbox 553 2432 607 2470; x_wconf 89' lang='lat' dir='ltr'><strong>nec</strong></span> <span class='ocrx_word' id='word_1_132' title='bbox 622 2416 724 2487; x_wconf 84' lang='lat' dir='ltr'><strong>putnvi</strong></span> <span class='ocrx_word' id='word_1_133' title='bbox 746 2433 845 2486; x_wconf 85' lang='lat' dir='ltr'><strong>regem</strong></span> <span class='ocrx_word' id='word_1_134' title='bbox 861 2415 974 2471; x_wconf 88' lang='lat' dir='ltr'><strong>deicere</strong></span> <span class='ocrx_word' id='word_1_135' title='bbox 1001 2414 1051 2470; x_wconf 87' lang='lat' dir='ltr'><strong>sed</strong></span> <span class='ocrx_word' id='word_1_136' title='bbox 1067 2413 1202 2468; x_wconf 89' lang='lat' dir='ltr'><strong>militem.</strong></span> <span class='ocrx_word' id='word_1_137' title='bbox 1248 2409 1472 2480; x_wconf 75' lang='lat' dir='ltr'><strong>ntrex,“1³or</strong></span> 
     </span>
     <span class='ocr_line' id='line_1_18' title="bbox 420 2497 1629 2562; baseline -0.007 -5"><span class='ocrx_word' id='word_1_138' title='bbox 420 2501 440 2532; x_wconf 87' lang='lat'>“</span> <span class='ocrx_word' id='word_1_139' title='bbox 463 2504 580 2558; x_wconf 85' lang='lat' dir='ltr'><strong>vultum</strong></span> <span class='ocrx_word' id='word_1_140' title='bbox 603 2503 639 2558; x_wconf 90' lang='lat' dir='ltr'><strong>de</strong></span> <span class='ocrx_word' id='word_1_141' title='bbox 664 2505 745 2560; x_wconf 84' lang='lat' dir='ltr'><strong>Luce</strong></span> <span class='ocrx_word' id='word_1_142' title='bbox 766 2510 797 2559; x_wconf 94' lang='lat' dir='ltr'><strong>et</strong></span> <span class='ocrx_word' id='word_1_143' title='bbox 819 2509 852 2558; x_wconf 92' lang='lat' dir='ltr'><strong>tu</strong></span> <span class='ocrx_word' id='word_1_144' title='bbox 874 2504 949 2558; x_wconf 90' lang='lat' dir='ltr'><strong>mihi</strong></span> <span class='ocrx_word' id='word_1_145' title='bbox 964 2504 1000 2558; x_wconf 92' lang='lat' dir='ltr'><strong>de</strong></span> <span class='ocrx_word' id='word_1_146' title='bbox 1023 2507 1128 2558; x_wconf 81' lang='lat' dir='ltr'><strong>caetero</strong></span> <span class='ocrx_word' id='word_1_147' title='bbox 1151 2501 1244 2557; x_wconf 83' lang='lat' dir='ltr'><strong>carior</strong></span> <span class='ocrx_word' id='word_1_148' title='bbox 1266 2501 1350 2556; x_wconf 87' lang='lat' dir='ltr'><strong>eris.’&#39;</strong></span> <span class='ocrx_word' id='word_1_149' title='bbox 1396 2501 1472 2557; x_wconf 76' lang='lat' dir='ltr'><strong>(lum</strong></span> <span class='ocrx_word' id='word_1_150' title='bbox 1485 2497 1629 2562; x_wconf 74' lang='lat' dir='ltr'><strong>&#39;I&#39;wysoot</strong></span> 
     </span>
     <span class='ocr_line' id='line_1_19' title="bbox 419 2569 1558 2664; baseline -0.003 -16"><span class='ocrx_word' id='word_1_151' title='bbox 419 2593 512 2663; x_wconf 79' lang='lat' dir='ltr'><strong>igitur</strong></span> <span class='ocrx_word' id='word_1_152' title='bbox 543 2593 689 2650; x_wconf 84' lang='lat' dir='ltr'><strong>Henricus</strong></span> <span class='ocrx_word' id='word_1_153' title='bbox 727 2593 764 2648; x_wconf 84' lang='lat' dir='ltr'><strong>sb</strong></span> <span class='ocrx_word' id='word_1_154' title='bbox 801 2594 933 2664; x_wconf 90' lang='lat' dir='ltr'><strong>utrisque</strong></span> <span class='ocrx_word' id='word_1_155' title='bbox 971 2593 1109 2647; x_wconf 78' lang='lat' dir='ltr'><strong>frutribus</strong></span> <span class='ocrx_word' id='word_1_156' title='bbox 1147 2592 1189 2646; x_wconf 87' lang='lat' dir='ltr'><strong>ito</strong></span> <span class='ocrx_word' id='word_1_157' title='bbox 1226 2591 1406 2646; x_wconf 77' lang='lat' dir='ltr'><strong>obsideretur</strong></span> <span class='ocrx_word' id='word_1_158' title='bbox 1437 2596 1472 2645; x_wconf 94' lang='lat' dir='ltr'><strong>ut</strong></span> <span class='ocrx_word' id='word_1_159' title='bbox 1485 2569 1558 2616; x_wconf 67' lang='lat'>²³⁶⁰·</span> 
     </span>
     <span class='ocr_line' id='line_1_20' title="bbox 419 2678 1470 2754; baseline -0.001 -18"><span class='ocrx_word' id='word_1_160' title='bbox 419 2700 495 2754; x_wconf 81' lang='lat' dir='ltr'><strong>equs</strong></span> <span class='ocrx_word' id='word_1_161' title='bbox 518 2682 574 2737; x_wconf 88' lang='lat' dir='ltr'><strong>sibi</strong></span> <span class='ocrx_word' id='word_1_162' title='bbox 596 2684 741 2749; x_wconf 85' lang='lat' dir='ltr'><strong>deficeret,</strong></span> <span class='ocrx_word' id='word_1_163' title='bbox 765 2683 847 2738; x_wconf 87' lang='lat' dir='ltr'><strong>misit</strong></span> <span class='ocrx_word' id='word_1_164' title='bbox 869 2684 907 2739; x_wconf 82' lang='lat' dir='ltr'><strong>sd</strong></span> <span class='ocrx_word' id='word_1_165' title='bbox 930 2683 1093 2739; x_wconf 85' lang='lat' dir='ltr'><strong>Robertum</strong></span> <span class='ocrx_word' id='word_1_166' title='bbox 1108 2681 1227 2736; x_wconf 79' lang='lat' dir='ltr'><strong>fratrem</strong></span> <span class='ocrx_word' id='word_1_167' title='bbox 1255 2697 1349 2748; x_wconf 88' lang='lat' dir='ltr'><strong>suurn,</strong></span> <span class='ocrx_word' id='word_1_168' title='bbox 1372 2678 1470 2735; x_wconf 83' lang='lat' dir='ltr'><strong>virum</strong></span> 
     </span>
     <span class='ocr_line' id='line_1_21' title="bbox 419 2771 1470 2844; baseline -0.002 -18"><span class='ocrx_word' id='word_1_169' title='bbox 419 2771 523 2844; x_wconf 89' lang='lat' dir='ltr'><strong>ntique</strong></span> <span class='ocrx_word' id='word_1_170' title='bbox 555 2773 674 2829; x_wconf 91' lang='lat' dir='ltr'><strong>lenioris</strong></span> <span class='ocrx_word' id='word_1_171' title='bbox 708 2771 809 2840; x_wconf 83' lang='lat' dir='ltr'><strong>enimi,</strong></span> <span class='ocrx_word' id='word_1_172' title='bbox 833 2773 944 2840; x_wconf 87' lang='lat' dir='ltr'><strong>dicens,</strong></span> <span class='ocrx_word' id='word_1_173' title='bbox 969 2771 1092 2844; x_wconf 90' lang='lat' dir='ltr'><strong>impium</strong></span> <span class='ocrx_word' id='word_1_174' title='bbox 1125 2771 1185 2826; x_wconf 83' lang='lat' dir='ltr'><strong>sore</strong></span> <span class='ocrx_word' id='word_1_175' title='bbox 1219 2787 1326 2841; x_wconf 78' lang='lat' dir='ltr'><strong>equum</strong></span> <span class='ocrx_word' id='word_1_176' title='bbox 1362 2787 1470 2840; x_wconf 76' lang='lat' dir='ltr'><strong>negare</strong></span> 
     </span>
     <span class='ocr_line' id='line_1_22' title="bbox 420 2859 1469 2933; baseline -0.003 -18"><span class='ocrx_word' id='word_1_177' title='bbox 420 2879 486 2933; x_wconf 75' lang='lat' dir='ltr'><strong>qum</strong></span> <span class='ocrx_word' id='word_1_178' title='bbox 509 2863 589 2918; x_wconf 90' lang='lat' dir='ltr'><strong>omui</strong></span> <span class='ocrx_word' id='word_1_179' title='bbox 612 2863 728 2918; x_wconf 85' lang='lat' dir='ltr'><strong>mortsli</strong></span> <span class='ocrx_word' id='word_1_180' title='bbox 752 2862 916 2917; x_wconf 90' lang='lat' dir='ltr'><strong>communis</strong></span> <span class='ocrx_word' id='word_1_181' title='bbox 939 2867 992 2928; x_wconf 90' lang='lat' dir='ltr'><strong>est,</strong></span> <span class='ocrx_word' id='word_1_182' title='bbox 1017 2859 1169 2932; x_wconf 79' lang='lat' dir='ltr'><strong>magisque</strong></span> <span class='ocrx_word' id='word_1_183' title='bbox 1192 2859 1278 2914; x_wconf 83' lang='lat' dir='ltr'><strong>civile</strong></span> <span class='ocrx_word' id='word_1_184' title='bbox 1301 2860 1372 2925; x_wconf 86' lang='lat' dir='ltr'><strong>sore,</strong></span> <span class='ocrx_word' id='word_1_185' title='bbox 1396 2876 1469 2930; x_wconf 79' lang='lat' dir='ltr'><strong>pug-</strong></span> 
     </span>
     <span class='ocr_line' id='line_1_23' title="bbox 419 2949 1471 3023; baseline -0.003 -19"><span class='ocrx_word' id='word_1_186' title='bbox 419 2969 490 3005; x_wconf 88' lang='lat' dir='ltr'><strong>nnro</strong></span> <span class='ocrx_word' id='word_1_187' title='bbox 523 2953 633 3007; x_wconf 81' lang='lat' dir='ltr'><strong>virtuto</strong></span> <span class='ocrx_word' id='word_1_188' title='bbox 664 2952 794 3007; x_wconf 90' lang='lat' dir='ltr'><strong>militurn</strong></span> <span class='ocrx_word' id='word_1_189' title='bbox 828 2970 916 3023; x_wconf 79' lang='lat' dir='ltr'><strong>quem</strong></span> <span class='ocrx_word' id='word_1_190' title='bbox 947 2951 1089 3006; x_wconf 79' lang='lat' dir='ltr'><strong>violentie</strong></span> <span class='ocrx_word' id='word_1_191' title='bbox 1120 2951 1339 3004; x_wconf 87' lang='lat' dir='ltr'><strong>elementorum.</strong></span> <span class='ocrx_word' id='word_1_192' title='bbox 1389 2949 1471 3002; x_wconf 82' lang='lat' dir='ltr'><strong>Tunc</strong></span> 
     </span>
     <span class='ocr_line' id='line_1_24' title="bbox 420 3035 1472 3114; baseline -0.003 -20"><span class='ocrx_word' id='word_1_193' title='bbox 420 3041 471 3096; x_wconf 92' lang='lat' dir='ltr'><strong>ille</strong></span> <span class='ocrx_word' id='word_1_194' title='bbox 502 3059 607 3114; x_wconf 82' lang='lat' dir='ltr'><strong>nqnnm</strong></span> <span class='ocrx_word' id='word_1_195' title='bbox 641 3042 791 3097; x_wconf 89' lang='lat' dir='ltr'><strong>concessit</strong></span> <span class='ocrx_word' id='word_1_196' title='bbox 838 3041 921 3110; x_wconf 82' lang='lat' dir='ltr'><strong>Quod</strong></span> <span class='ocrx_word' id='word_1_197' title='bbox 953 3059 1003 3095; x_wconf 86' lang='lat' dir='ltr'><strong>rex</strong></span> <span class='ocrx_word' id='word_1_198' title='bbox 1026 3039 1192 3096; x_wconf 88' lang='lat' dir='ltr'><strong>Willelmus</strong></span> <span class='ocrx_word' id='word_1_199' title='bbox 1225 3037 1347 3092; x_wconf 88' lang='lat' dir='ltr'><strong>nudiens</strong></span> <span class='ocrx_word' id='word_1_200' title='bbox 1370 3035 1472 3091; x_wconf 84' lang='lat' dir='ltr'><strong>derisit</strong></span> 
     </span>
     <span class='ocr_line' id='line_1_25' title="bbox 419 3126 1471 3196; baseline -0.004 -13"><span class='ocrx_word' id='word_1_201' title='bbox 419 3131 540 3196; x_wconf 82' lang='lat' dir='ltr'><strong>fuctum,</strong></span> <span class='ocrx_word' id='word_1_202' title='bbox 565 3130 673 3196; x_wconf 88' lang='lat' dir='ltr'><strong>dicens,</strong></span> <span class='ocrx_word' id='word_1_203' title='bbox 698 3129 844 3186; x_wconf 87' lang='lat' dir='ltr'><strong>“Siccine</strong></span> <span class='ocrx_word' id='word_1_204' title='bbox 876 3129 1007 3184; x_wconf 76' lang='lat' dir='ltr'><strong>didicisti</strong></span> <span class='ocrx_word' id='word_1_205' title='bbox 1030 3149 1047 3184; x_wconf 97' lang='grc' dir='ltr'>ο</span> <span class='ocrx_word' id='word_1_206' title='bbox 1071 3129 1196 3184; x_wconf 86' lang='lat' dir='ltr'><strong>Roberte</strong></span> <span class='ocrx_word' id='word_1_207' title='bbox 1211 3127 1309 3182; x_wconf 85' lang='lat' dir='ltr'><strong>hostes</strong></span> <span class='ocrx_word' id='word_1_208' title='bbox 1332 3131 1398 3180; x_wconf 88' lang='lat' dir='ltr'><strong>tnos</strong></span> <span class='ocrx_word' id='word_1_209' title='bbox 1421 3126 1471 3180; x_wconf 91' lang='lat' dir='ltr'><strong>do-</strong></span> 
     </span>
     <span class='ocr_line' id='line_1_26' title="bbox 417 3214 1471 3291; baseline -0.004 -17"><span class='ocrx_word' id='word_1_210' title='bbox 417 3217 437 3246; x_wconf 91' lang='lat'><strong>“</strong></span> <span class='ocrx_word' id='word_1_211' title='bbox 460 3220 690 3291; x_wconf 84' lang='lat' dir='ltr'><strong>bellsre‚potum</strong></span> <span class='ocrx_word' id='word_1_212' title='bbox 706 3220 837 3291; x_wconf 80' lang='lat' dir='ltr'><strong>proebens</strong></span> <span class='ocrx_word' id='word_1_213' title='bbox 850 3219 883 3274; x_wconf 78' lang='grc' dir='ltr'><strong>Ρ”</strong></span> <span class='ocrx_word' id='word_1_214' title='bbox 924 3219 978 3274; x_wconf 78' lang='lat' dir='ltr'><strong>Oui</strong></span> <span class='ocrx_word' id='word_1_215' title='bbox 995 3219 1157 3274; x_wconf 85' lang='lat' dir='ltr'><strong>Robertus:</strong></span> <span class='ocrx_word' id='word_1_216' title='bbox 1183 3214 1351 3287; x_wconf 86' lang='lat' dir='ltr'><strong>“Nunquid</strong></span> <span class='ocrx_word' id='word_1_217' title='bbox 1366 3233 1471 3285; x_wconf 86' lang='lat' dir='ltr'><strong>aqnnm</strong></span> 
     </span>
     <span class='ocr_line' id='line_1_27' title="bbox 418 3302 1472 3381; baseline -0.004 -19"><span class='ocrx_word' id='word_1_218' title='bbox 418 3305 438 3333; x_wconf 91' lang='lat'>“</span> <span class='ocrx_word' id='word_1_219' title='bbox 461 3308 545 3362; x_wconf 78' lang='lat' dir='ltr'><strong>fratri</strong></span> <span class='ocrx_word' id='word_1_220' title='bbox 560 3315 611 3364; x_wconf 90' lang='lat' dir='ltr'><strong>tuo</strong></span> <span class='ocrx_word' id='word_1_221' title='bbox 626 3309 828 3381; x_wconf 85' lang='lat' dir='ltr'><strong>praeponderss</strong></span> <span class='ocrx_word' id='word_1_222' title='bbox 844 3307 996 3363; x_wconf 89' lang='lat' dir='ltr'><strong>dimittens</strong></span> <span class='ocrx_word' id='word_1_223' title='bbox 1010 3327 1078 3364; x_wconf 90' lang='lat' dir='ltr'><strong>eum</strong></span> <span class='ocrx_word' id='word_1_224' title='bbox 1092 3307 1191 3362; x_wconf 73' lang='lat' dir='ltr'><strong>mori?</strong></span> <span class='ocrx_word' id='word_1_225' title='bbox 1238 3305 1270 3361; x_wconf 85' lang='lat' dir='ltr'><strong>Si</strong></span> <span class='ocrx_word' id='word_1_226' title='bbox 1284 3323 1351 3360; x_wconf 90' lang='lat' dir='ltr'><strong>eum</strong></span> <span class='ocrx_word' id='word_1_227' title='bbox 1367 3302 1472 3358; x_wconf 88' lang='lat' dir='ltr'><strong>nmisc·</strong></span> 
     </span>
     <span class='ocr_line' id='line_1_28' title="bbox 413 3389 1471 3469; baseline -0.005 -18"><span class='ocrx_word' id='word_1_228' title='bbox 413 3393 432 3422; x_wconf 88' lang='lat'><strong><em>“</em></strong></span> <span class='ocrx_word' id='word_1_229' title='bbox 456 3396 549 3452; x_wconf 86' lang='lat' dir='ltr'><strong>rimus</strong></span> <span class='ocrx_word' id='word_1_230' title='bbox 570 3415 658 3469; x_wconf 90' lang='lat' dir='ltr'><strong>quem</strong></span> <span class='ocrx_word' id='word_1_231' title='bbox 687 3397 779 3453; x_wconf 84' lang='lat' dir='ltr'><strong>elium</strong></span> <span class='ocrx_word' id='word_1_232' title='bbox 811 3389 1024 3453; x_wconf 74' lang='lat' dir='ltr'><strong>habebimusl&#39;&#39;</strong></span> <span class='ocrx_word' id='word_1_233' title='bbox 1069 3397 1118 3452; x_wconf 86' lang='lat' dir='ltr'><strong>Ad</strong></span> <span class='ocrx_word' id='word_1_234' title='bbox 1139 3397 1202 3451; x_wconf 79' lang='lat' dir='ltr'><strong>haec</strong></span> <span class='ocrx_word' id='word_1_235' title='bbox 1224 3413 1275 3450; x_wconf 86' lang='lat' dir='ltr'><strong>rex</strong></span> <span class='ocrx_word' id='word_1_236' title='bbox 1309 3393 1471 3448; x_wconf 86' lang='lat' dir='ltr'><strong>Willelmns</strong></span> 
     </span>
    </p>
   </div>
   <div class='ocr_carea' id='block_1_4' title="bbox 416 3485 1436 3559">
    <p class='ocr_par' dir='ltr' id='par_1_4' title="bbox 416 3485 1436 3559">
     <span class='ocr_line' id='line_1_29' title="bbox 416 3485 1436 3559; baseline -0.004 -18"><span class='ocrx_word' id='word_1_237' title='bbox 416 3486 537 3542; x_wconf 86' lang='lat' dir='ltr'><strong>resolvit</strong></span> <span class='ocrx_word' id='word_1_238' title='bbox 558 3487 706 3559; x_wconf 82' lang='lat' dir='ltr'><strong>praelinm,</strong></span> <span class='ocrx_word' id='word_1_239' title='bbox 730 3488 830 3543; x_wconf 77' lang='lat' dir='ltr'><strong>ambos</strong></span> <span class='ocrx_word' id='word_1_240' title='bbox 852 3488 956 3543; x_wconf 74' lang='lat' dir='ltr'><strong>fratres</strong></span> <span class='ocrx_word' id='word_1_241' title='bbox 978 3487 1010 3542; x_wconf 91' lang='lat' dir='ltr'><strong>in</strong></span> <span class='ocrx_word' id='word_1_242' title='bbox 1033 3486 1174 3558; x_wconf 84' lang='lat' dir='ltr'><strong>Anglinm</strong></span> <span class='ocrx_word' id='word_1_243' title='bbox 1197 3503 1294 3541; x_wconf 89' lang='lat' dir='ltr'><strong>secum</strong></span> <span class='ocrx_word' id='word_1_244' title='bbox 1318 3485 1436 3538; x_wconf 88' lang='lat' dir='ltr'><strong>ducens.</strong></span> 
     </span>
    </p>
   </div>
   <div class='ocr_carea' id='block_1_5' title="bbox 322 3585 1594 4149">
    <p class='ocr_par' dir='ltr' id='par_1_5' title="bbox 415 3585 1471 3839">
     <span class='ocr_line' id='line_1_30' title="bbox 461 3585 1469 3660; baseline -0.004 -18"><span class='ocrx_word' id='word_1_245' title='bbox 461 3589 539 3642; x_wconf 84' lang='lat' dir='ltr'><strong>item</strong></span> <span class='ocrx_word' id='word_1_246' title='bbox 561 3587 670 3643; x_wconf 91' lang='lat' dir='ltr'><strong>ibidem</strong></span> <span class='ocrx_word' id='word_1_247' title='bbox 692 3588 821 3660; x_wconf 82' lang='lat' dir='ltr'><strong>cepitulo</strong></span> <span class='ocrx_word' id='word_1_248' title='bbox 844 3593 933 3645; x_wconf 81' lang='lat' dir='ltr'><strong>sexto.</strong></span> <span class='ocrx_word' id='word_1_249' title='bbox 990 3589 1055 3644; x_wconf 89' lang='lat' dir='ltr'><strong>Hoc</strong></span> <span class='ocrx_word' id='word_1_250' title='bbox 1078 3603 1154 3642; x_wconf 82' lang='lat' dir='ltr'><strong>enno</strong></span> <span class='ocrx_word' id='word_1_251' title='bbox 1177 3586 1357 3640; x_wconf 81' lang='lat' dir='ltr'><strong>Lent&#39;rsnous</strong></span> <span class='ocrx_word' id='word_1_252' title='bbox 1381 3585 1469 3638; x_wconf 89' lang='lat' dir='ltr'><strong>Doro-</strong></span> 
     </span>
     <span class='ocr_line' id='line_1_31' title="bbox 416 3673 1471 3750; baseline -0.003 -19"><span class='ocrx_word' id='word_1_253' title='bbox 416 3677 565 3732; x_wconf 87' lang='lat' dir='ltr'><strong>bcrnensis</strong></span> <span class='ocrx_word' id='word_1_254' title='bbox 599 3678 832 3750; x_wconf 79' lang='lat' dir='ltr'><strong>archiepiscopus</strong></span> <span class='ocrx_word' id='word_1_255' title='bbox 863 3677 938 3733; x_wconf 94' lang='lat' dir='ltr'><strong>obiit</strong></span> <span class='ocrx_word' id='word_1_256' title='bbox 969 3678 1072 3750; x_wconf 89' lang='lat' dir='ltr'><strong>quinto</strong></span> <span class='ocrx_word' id='word_1_257' title='bbox 1104 3674 1293 3730; x_wconf 77' lang='lat' dir='ltr'><strong>kalendorum</strong></span> <span class='ocrx_word' id='word_1_258' title='bbox 1324 3673 1416 3742; x_wconf 89' lang='lat' dir='ltr'><strong>Junii,</strong></span> <span class='ocrx_word' id='word_1_259' title='bbox 1441 3677 1471 3728; x_wconf 87' lang='lat' dir='ltr'><strong>et</strong></span> 
     </span>
     <span class='ocr_line' id='line_1_32' title="bbox 415 3756 946 3839; baseline 0.002 -18"><span class='ocrx_word' id='word_1_260' title='bbox 415 3767 531 3822; x_wconf 82' lang='lat' dir='ltr'><strong>vscnvit</strong></span> <span class='ocrx_word' id='word_1_261' title='bbox 552 3766 634 3822; x_wconf 89' lang='lat' dir='ltr'><strong>sedes</strong></span> <span class='ocrx_word' id='word_1_262' title='bbox 656 3768 740 3839; x_wconf 90' lang='lat' dir='ltr'><strong>plene</strong></span> <span class='ocrx_word' id='word_1_263' title='bbox 761 3765 816 3838; x_wconf 88' lang='lat' dir='ltr'><strong>iiij.</strong></span> <span class='ocrx_word' id='word_1_264' title='bbox 840 3756 946 3823; x_wconf 82' lang='lat' dir='ltr'><strong>snnis.¹</strong></span> 
     </span>
    </p>

    <p class='ocr_par' dir='ltr' id='par_1_6' title="bbox 322 3859 1594 4149">
     <span class='ocr_line' id='line_1_33' title="bbox 461 3859 1594 3946; baseline 0.003 -22"><span class='ocrx_word' id='word_1_265' title='bbox 461 3859 626 3924; x_wconf 84' lang='lat' dir='ltr'><strong>Seculnris</strong></span> <span class='ocrx_word' id='word_1_266' title='bbox 648 3859 704 3924; x_wconf 91' lang='lat' dir='ltr'><strong>ille</strong></span> <span class='ocrx_word' id='word_1_267' title='bbox 727 3861 885 3946; x_wconf 77' lang='lat' dir='ltr'><strong>magister</strong></span> <span class='ocrx_word' id='word_1_268' title='bbox 900 3859 1103 3924; x_wconf 84' lang='lat' dir='ltr'><strong>Lsnfrnnons</strong></span> <span class='ocrx_word' id='word_1_269' title='bbox 1127 3860 1162 3922; x_wconf 94' lang='lat' dir='ltr'><strong>in</strong></span> <span class='ocrx_word' id='word_1_270' title='bbox 1185 3859 1308 3926; x_wconf 88' lang='lat' dir='ltr'><strong>mundo</strong></span> <span class='ocrx_word' id='word_1_271' title='bbox 1323 3859 1469 3926; x_wconf 82' lang='lat' dir='ltr'><strong>famosus</strong></span> <span class='ocrx_word' id='word_1_272' title='bbox 1484 3875 1594 3940; x_wconf 56' lang='grc' dir='ltr'><strong>ωερε.</strong></span> 
     </span>
     <span class='ocr_line' id='line_1_34' title="bbox 322 3943 1582 4050; baseline 0 -25"><span class='ocrx_word' id='word_1_273' title='bbox 322 3987 328 4000; x_wconf 92' lang='grc'><strong><em>·</em></strong></span> <span class='ocrx_word' id='word_1_274' title='bbox 415 3963 592 4028; x_wconf 76' lang='lat' dir='ltr'><strong>necessita</strong></span> <span class='ocrx_word' id='word_1_275' title='bbox 614 3962 733 4048; x_wconf 85' lang='lat' dir='ltr'><strong>petrin,</strong></span> <span class='ocrx_word' id='word_1_276' title='bbox 752 3969 790 4026; x_wconf 90' lang='lat' dir='ltr'><strong>ut</strong></span> <span class='ocrx_word' id='word_1_277' title='bbox 812 3961 899 4025; x_wconf 85' lang='lat' dir='ltr'><strong>infre</strong></span> <span class='ocrx_word' id='word_1_278' title='bbox 923 3967 1024 4046; x_wconf 83' lang='lat' dir='ltr'><strong>petet,</strong></span> <span class='ocrx_word' id='word_1_279' title='bbox 1048 3983 1116 4026; x_wconf 85' lang='lat' dir='ltr'><strong>esse</strong></span> <span class='ocrx_word' id='word_1_280' title='bbox 1138 3963 1337 4050; x_wconf 86' lang='lat' dir='ltr'><strong>incognitus.</strong></span> <span class='ocrx_word' id='word_1_281' title='bbox 1383 3961 1468 4029; x_wconf 87' lang='lat' dir='ltr'><strong>Oum</strong></span> <span class='ocrx_word' id='word_1_282' title='bbox 1483 3943 1582 3994; x_wconf 49' lang='lat' dir='ltr'><strong>*ml*</strong></span> 
     </span>
     <span class='ocr_line' id='line_1_35' title="bbox 415 4063 1469 4149; baseline 0.001 -21"><span class='ocrx_word' id='word_1_283' title='bbox 415 4065 514 4128; x_wconf 89' lang='lat' dir='ltr'><strong>semel</strong></span> <span class='ocrx_word' id='word_1_284' title='bbox 538 4085 635 4149; x_wconf 85' lang='lat' dir='ltr'><strong>super</strong></span> <span class='ocrx_word' id='word_1_285' title='bbox 660 4063 820 4128; x_wconf 84' lang='lat' dir='ltr'><strong>Secenem</strong></span> <span class='ocrx_word' id='word_1_286' title='bbox 843 4063 985 4128; x_wconf 90' lang='lat' dir='ltr'><strong>fluvium</strong></span> <span class='ocrx_word' id='word_1_287' title='bbox 1009 4064 1071 4128; x_wconf 88' lang='lat' dir='ltr'><strong>iret</strong></span> <span class='ocrx_word' id='word_1_288' title='bbox 1103 4064 1339 4149; x_wconf 80' lang='lat' dir='ltr'><strong>speciatum,n</strong></span> <span class='ocrx_word' id='word_1_289' title='bbox 1371 4066 1469 4131; x_wconf 88' lang='lat' dir='ltr'><strong>sociis</strong></span> 
     </span>
    </p>
   </div>
   <div class='ocr_carea' id='block_1_6' title="bbox 415 4166 1470 4254">
    <p class='ocr_par' dir='ltr' id='par_1_7' title="bbox 415 4166 1470 4254">
     <span class='ocr_line' id='line_1_36' title="bbox 415 4166 1470 4254; baseline 0.002 -24"><span class='ocrx_word' id='word_1_290' title='bbox 415 4167 483 4230; x_wconf 87' lang='lat' dir='ltr'><strong>suis</strong></span> <span class='ocrx_word' id='word_1_291' title='bbox 514 4166 759 4252; x_wconf 77' lang='lat' dir='ltr'><strong>aliquantulum</strong></span> <span class='ocrx_word' id='word_1_292' title='bbox 791 4167 827 4230; x_wconf 91' lang='lat' dir='ltr'><strong>in</strong></span> <span class='ocrx_word' id='word_1_293' title='bbox 859 4166 1018 4231; x_wconf 87' lang='lat' dir='ltr'><strong>remotius</strong></span> <span class='ocrx_word' id='word_1_294' title='bbox 1056 4172 1096 4230; x_wconf 91' lang='lat' dir='ltr'><strong>ut</strong></span> <span class='ocrx_word' id='word_1_295' title='bbox 1128 4166 1326 4232; x_wconf 75' lang='lat' dir='ltr'><strong>Trinitatem</strong></span> <span class='ocrx_word' id='word_1_296' title='bbox 1361 4188 1470 4254; x_wconf 89' lang='lat' dir='ltr'><strong>perso-</strong></span> 
     </span>
    </p>
   </div>
   <div class='ocr_carea' id='block_1_7' title="bbox 411 4394 1468 4858">
    <p class='ocr_par' dir='ltr' id='par_1_8' title="bbox 411 4394 1468 4858">
     <span class='ocr_line' id='line_1_37' title="bbox 446 4394 1468 4465; baseline 0.001 -17"><span class='ocrx_word' id='word_1_297' title='bbox 446 4397 455 4429; x_wconf 92' lang='lat'>¹</span> <span class='ocrx_word' id='word_1_298' title='bbox 472 4400 543 4449; x_wconf 84' lang='lat' dir='ltr'><strong>Here</strong></span> <span class='ocrx_word' id='word_1_299' title='bbox 554 4395 576 4446; x_wconf 88' lang='lat' dir='ltr'><strong>is</strong></span> <span class='ocrx_word' id='word_1_300' title='bbox 592 4396 704 4446; x_wconf 85' lang='lat' dir='ltr'><strong>inserted</strong></span> <span class='ocrx_word' id='word_1_301' title='bbox 722 4395 749 4444; x_wconf 91' lang='lat' dir='ltr'><strong>in</strong></span> <span class='ocrx_word' id='word_1_302' title='bbox 764 4395 827 4445; x_wconf 90' lang='lat' dir='ltr'><strong>both</strong></span> <span class='ocrx_word' id='word_1_303' title='bbox 838 4394 915 4446; x_wconf 87' lang='lat' dir='ltr'>MSS.</span> <span class='ocrx_word' id='word_1_304' title='bbox 966 4395 988 4444; x_wconf 91' lang='lat' dir='ltr'><strong>is</strong></span> <span class='ocrx_word' id='word_1_305' title='bbox 1000 4411 1034 4445; x_wconf 92' lang='lat' dir='ltr'><strong>uo</strong></span> <span class='ocrx_word' id='word_1_306' title='bbox 1046 4395 1118 4445; x_wconf 78' lang='lat' dir='ltr'><strong>mark</strong></span> <span class='ocrx_word' id='word_1_307' title='bbox 1131 4395 1159 4446; x_wconf 78' lang='lat' dir='ltr'><strong>oi</strong></span> <span class='ocrx_word' id='word_1_308' title='bbox 1169 4411 1271 4448; x_wconf 77' lang='lat' dir='ltr'><strong>erasure</strong></span> <span class='ocrx_word' id='word_1_309' title='bbox 1282 4414 1329 4448; x_wconf 92' lang='lat' dir='ltr'><strong>nor</strong></span> <span class='ocrx_word' id='word_1_310' title='bbox 1343 4399 1468 4465; x_wconf 79' lang='lat' dir='ltr'><strong>anything</strong></span> 
     </span>
     <span class='ocr_line' id='line_1_38' title="bbox 412 4473 1467 4542; baseline 0.001 -15"><span class='ocrx_word' id='word_1_311' title='bbox 412 4477 458 4529; x_wconf 83' lang='lat' dir='ltr'><strong>the</strong></span> <span class='ocrx_word' id='word_1_312' title='bbox 469 4491 577 4542; x_wconf 66' lang='lat' dir='ltr'><strong>possano</strong></span> <span class='ocrx_word' id='word_1_313' title='bbox 589 4490 623 4524; x_wconf 91' lang='lat' dir='ltr'><strong>ou</strong></span> <span class='ocrx_word' id='word_1_314' title='bbox 639 4489 705 4540; x_wconf 81' lang='lat' dir='ltr'><strong>pege</strong></span> <span class='ocrx_word' id='word_1_315' title='bbox 717 4478 748 4523; x_wconf 76' lang='lat'><strong>91</strong></span> <span class='ocrx_word' id='word_1_316' title='bbox 772 4489 916 4524; x_wconf 85' lang='lat' dir='ltr'><strong>commenc·</strong></span> <span class='ocrx_word' id='word_1_317' title='bbox 965 4481 992 4524; x_wconf 89' lang='lat' dir='ltr'><strong>to</strong></span> <span class='ocrx_word' id='word_1_318' title='bbox 1003 4473 1113 4525; x_wconf 71' lang='lat' dir='ltr'><strong>iudicate</strong></span> <span class='ocrx_word' id='word_1_319' title='bbox 1121 4475 1179 4540; x_wconf 78' lang='lat' dir='ltr'><strong>why</strong></span> <span class='ocrx_word' id='word_1_320' title='bbox 1186 4477 1230 4527; x_wconf 87' lang='lat' dir='ltr'><strong>the</strong></span> <span class='ocrx_word' id='word_1_321' title='bbox 1239 4477 1317 4527; x_wconf 78' lang='lat' dir='ltr'><strong>break</strong></span> <span class='ocrx_word' id='word_1_322' title='bbox 1325 4495 1377 4528; x_wconf 80' lang='lat' dir='ltr'><strong>was</strong></span> <span class='ocrx_word' id='word_1_323' title='bbox 1385 4481 1467 4529; x_wconf 76' lang='lat' dir='ltr'><strong>mede.</strong></span> 
     </span>
     <span class='ocr_line' id='line_1_39' title="bbox 412 4550 1467 4622; baseline 0.002 -16"><span class='ocrx_word' id='word_1_324' title='bbox 412 4553 728 4622; x_wconf 79' lang='lat' dir='ltr'><strong>ing“1steLsufrnncns,</strong></span> <span class='ocrx_word' id='word_1_325' title='bbox 740 4553 813 4612; x_wconf 77' lang='lat' dir='ltr'><strong>&amp;c.,”</strong></span> <span class='ocrx_word' id='word_1_326' title='bbox 825 4553 872 4601; x_wconf 87' lang='lat' dir='ltr'><strong>bnt</strong></span> <span class='ocrx_word' id='word_1_327' title='bbox 887 4550 915 4601; x_wconf 90' lang='lat' dir='ltr'><strong>in</strong></span> <span class='ocrx_word' id='word_1_328' title='bbox 965 4553 1032 4603; x_wconf 90' lang='lat' dir='ltr'><strong>Both</strong></span> <span class='ocrx_word' id='word_1_329' title='bbox 1044 4553 1138 4605; x_wconf 84' lang='lat' dir='ltr'><strong>scribes</strong></span> <span class='ocrx_word' id='word_1_330' title='bbox 1149 4569 1245 4619; x_wconf 81' lang='lat' dir='ltr'><strong>oppesr</strong></span> <span class='ocrx_word' id='word_1_331' title='bbox 1255 4563 1282 4606; x_wconf 89' lang='lat' dir='ltr'><strong>to</strong></span> <span class='ocrx_word' id='word_1_332' title='bbox 1299 4555 1364 4606; x_wconf 76' lang='lat' dir='ltr'><strong>have</strong></span> <span class='ocrx_word' id='word_1_333' title='bbox 1376 4557 1467 4622; x_wconf 87' lang='lat' dir='ltr'><strong>copied</strong></span> 
     </span>
     <span class='ocr_line' id='line_1_40' title="bbox 411 4631 1466 4700; baseline 0.003 -15"><span class='ocrx_word' id='word_1_334' title='bbox 411 4635 475 4685; x_wconf 86' lang='lat' dir='ltr'><strong>both</strong></span> <span class='ocrx_word' id='word_1_335' title='bbox 492 4633 512 4682; x_wconf 83' lang='lat' dir='ltr'><strong>it</strong></span> <span class='ocrx_word' id='word_1_336' title='bbox 530 4631 552 4682; x_wconf 86' lang='lat' dir='ltr'><strong>is</strong></span> <span class='ocrx_word' id='word_1_337' title='bbox 574 4633 670 4681; x_wconf 79' lang='lat' dir='ltr'><strong>broken</strong></span> <span class='ocrx_word' id='word_1_338' title='bbox 690 4631 728 4681; x_wconf 78' lang='lat' dir='ltr'><strong>oti</strong></span> <span class='ocrx_word' id='word_1_339' title='bbox 743 4633 865 4696; x_wconf 77' lang='lat' dir='ltr'><strong>nbrnptly</strong></span> <span class='ocrx_word' id='word_1_340' title='bbox 887 4631 915 4682; x_wconf 91' lang='lat' dir='ltr'><strong>in</strong></span> <span class='ocrx_word' id='word_1_341' title='bbox 965 4634 1090 4685; x_wconf 76' lang='lat' dir='ltr'><strong>whatever</strong></span> <span class='ocrx_word' id='word_1_342' title='bbox 1115 4634 1177 4698; x_wconf 75' lang='lat' dir='ltr'><strong>they</strong></span> <span class='ocrx_word' id='word_1_343' title='bbox 1199 4635 1280 4685; x_wconf 82' lang='lat' dir='ltr'><strong>found</strong></span> <span class='ocrx_word' id='word_1_344' title='bbox 1307 4635 1361 4700; x_wconf 82' lang='lat' dir='ltr'><strong>just</strong></span> <span class='ocrx_word' id='word_1_345' title='bbox 1389 4653 1418 4687; x_wconf 85' lang='lat' dir='ltr'><strong>ns</strong></span> <span class='ocrx_word' id='word_1_346' title='bbox 1447 4637 1466 4688; x_wconf 86' lang='lat' dir='ltr'><strong>it</strong></span> 
     </span>
     <span class='ocr_line' id='line_1_41' title="bbox 412 4709 1044 4764; baseline -0.002 -2"><span class='ocrx_word' id='word_1_347' title='bbox 412 4716 456 4763; x_wconf 86' lang='lat' dir='ltr'><strong>the</strong></span> <span class='ocrx_word' id='word_1_348' title='bbox 477 4712 573 4761; x_wconf 84' lang='lat' dir='ltr'><strong>middle</strong></span> <span class='ocrx_word' id='word_1_349' title='bbox 592 4709 621 4761; x_wconf 88' lang='lat' dir='ltr'><strong>oi</strong></span> <span class='ocrx_word' id='word_1_350' title='bbox 639 4726 655 4760; x_wconf 83' lang='lat' dir='ltr'><strong>s</strong></span> <span class='ocrx_word' id='word_1_351' title='bbox 674 4717 792 4762; x_wconf 86' lang='lat' dir='ltr'><strong>sentence</strong></span> <span class='ocrx_word' id='word_1_352' title='bbox 812 4719 840 4762; x_wconf 82' lang='lat' dir='ltr'><strong>st</strong></span> <span class='ocrx_word' id='word_1_353' title='bbox 856 4713 915 4762; x_wconf 77' lang='lat' dir='ltr'><strong>“nd</strong></span> <span class='ocrx_word' id='word_1_354' title='bbox 964 4727 1044 4764; x_wconf 77' lang='lat' dir='ltr'><strong>eume.</strong></span> 
     </span>
     <span class='ocr_line' id='line_1_42' title="bbox 411 4789 915 4858; baseline 0 -16"><span class='ocrx_word' id='word_1_355' title='bbox 411 4797 428 4821; x_wconf 81' lang='lat'><strong>‘⁴</strong></span> <span class='ocrx_word' id='word_1_356' title='bbox 436 4790 598 4858; x_wconf 73' lang='lat' dir='ltr'><strong>gymnasium</strong></span> <span class='ocrx_word' id='word_1_357' title='bbox 622 4789 785 4845; x_wconf 64' lang='lat' dir='ltr'><strong>benfrsnoiss’</strong></span> <span class='ocrx_word' id='word_1_358' title='bbox 829 4790 915 4842; x_wconf 66' lang='lat' dir='ltr'><strong>{there</strong></span> 
     </span>
    </p>
   </div>
   <div class='ocr_carea' id='block_1_8' title="bbox 0 0 1818 5784">
    <p class='ocr_par' dir='ltr' id='par_1_9' title="bbox 0 0 1818 5784">
     <span class='ocr_line' id='line_1_43' title="bbox 0 0 1818 5784; baseline 0 1"><span class='ocrx_word' id='word_1_359' title='bbox 0 0 1818 5784; x_wconf 95' lang='lat' dir='ltr'><strong> </strong></span> 
     </span>
    </p>
   </div>
  </div>
 </body>
</html>
