3625 5784
628 880 900 935 urvcusmeusrs
924 885 1134 936 cuaomcor.
1348 874 1412 937 283

358 1068 482 1135 talibus
504 1069 624 1135 fidem¹
640 1070 796 1137 adhibere
818 1074 1010 1138 auctoritati
1025 1092 1119 1158 papae
1137 1069 1244 1158 [νθΙ]2
1260 1072 1412 1158 Gregorii
1427 1085 1480 1137 tion
1493 1086 1521 1137 of

358 1172 410 1237 vel
427 1173 608 1260 Augustini
623 1180 658 1240 et
671 1175 837 1254 similium,
852 1182 913 1240 aut
928 1176 1162 1262 cujuscumque
1179 1175 1338 1261 magistri,
1355 1175 1413 1241 sed
1427 1153 1565 1283 ξξξξζῑῗξᾰ

360 1278 492 1339 tantum
527 1276 782 1364 [auctoritate]²
811 1277 969 1363 Bi[blire³
1001 1284 1035 1343 et
1064 1278 1253 1344 necessariae
1284 1278 1414 1343 rationi.
1427 1284 1563 1350 authority.

361 1375 507 1441 Octavus
522 1383 582 1455 est,
597 1378 686 1463 quod
708 1380 744 1443 in
767 1377 900 1444 homine
921 1387 971 1444 est
986 1384 1118 1444 tantum
1134 1402 1202 1445 una
1216 1380 1332 1455 forma,
1355 1380 1413 1445 aci·
1427 1377 1494 1453 rhet
1507 1378 1551 1427 the

359 1476 437 1543 licet
451 1478 563 1544 anime
577 1480 758 1557 rationalis,
770 1487 805 1546 ct
820 1480 912 1545 nulla
927 1481 992 1545 alia
1006 1480 1112 1546 forma
1123 1482 1360 1559 substantialis,
1373 1504 1414 1548 ex
1427 1443 1571 1560 ssffffflhe

359 1601 425 1666 qua
447 1581 601 1667 opinione
623 1583 715 1667 sequi
738 1584 895 1648 videntur
910 1605 1022 1648 omnes
1045 1584 1184 1650 haereses
1208 1585 1413 1670 supradictae.
1427 1577 1522 1694 mm

405 1692 449 1748 Eo
470 1711 551 1749 auno
568 1693 684 1749 modius
706 1694 847 1750 frumenti
869 1694 907 1750 ad
930 1692 983 1765 iiij.
1007 1694 1034 1751 d
1060 1686 1143 1751 fuit*
1189 1696 1283 1752 Nocte
1307 1700 1414 1751 saumae
1427 1710 1501 1761 rom.

360 1779 535 1853 Margaretae
558 1781 709 1839 descendit
729 1788 888 1855 tempestas
911 1782 1060 1849 imbrium,
1084 1784 1209 1841 tonitrui
1233 1790 1263 1841 at
1286 1784 1413 1856 fulguris

331 1892 337 1906 ·
361 1889 380 1927 a
409 1876 487 1927 retro
521 1872 628 1929 seculis
649 1872 700 1929 vix
722 1872 833 1939 audita,
857 1873 1027 1929 concutiens
1060 1878 1123 1929 sata
1157 1880 1188 1930 et
1224 1874 1414 1945 submergens

361 1960 404 2016 ita
425 1964 460 2015 ut
483 1960 642 2018 Londonioe
665 1961 779 2018 modius
801 1962 896 2018 tritici
919 1963 970 2034 qui
992 1962 1075 2035 priua
1092 1962 1130 2019 ad
1153 1969 1212 2020 tres
1235 1962 1415 2025 vendebatur

361 2048 494 2106 denarios
526 2068 561 2106 ex
592 2056 665 2107 tune
697 2052 841 2124 paulatim
874 2052 1024 2124 usquead
1056 2052 1128 2108 duos
1160 2052 1266 2108 solidos
1298 2042 1412 2121 crevit‚⁶

360 2139 460 2211 sicque
482 2158 534 2212 per
555 2140 594 2197 xl.
626 2142 716 2197 forme
745 2158 838 2197 annos
860 2159 952 2213 usque
976 2141 1014 2196 ad
1037 2142 1151 2198 obitum
1172 2143 1250 2214 regie
1276 2142 1411 2198 Edwardi

360 2234 426 2299 post
456 2235 647 2301 conquestum
677 2230 798 2286 secundi
820 2230 921 2286 extitit
951 2230 1069 2285 caristia
1099 2231 1188 2299 bladi,
1221 2232 1263 2286 ita
1294 2236 1327 2286 ut
1358 2232 1413 2286 ali-

361 2317 495 2389 quotiens
517 2317 677 2375 Irondoniae
700 2319 815 2375 modius
837 2319 979 2375 frumenti
995 2320 1033 2375 ad
1047 2338 1074 2377 x.
1098 2319 1206 2376 solidos
1228 2320 1414 2376 venderetur.

405 2408 494 2475 Leve
549 2412 694 2497 pretium
751 2410 913 2477 frumenti
970 2413 1095 2498 incepit
1155 2434 1243 2479 anno
1298 2414 1414 2499 gratiae

359 2528 589 2580 uoeuxxxvn.
613 2512 768 2580 caristia⁰
789 2515 949 2581 frumenti
980 2516 1103 2602 incepit
1134 2536 1222 2582 enno
1255 2516 1413 2601 sequenti.
1428 2527 1494 2578 11).
1505 2530 1576 2580 rest.

362 2614 513 2701 Cumque
544 2638 604 2683 rex
636 2623 689 2682 tot
720 2623 755 2682 et
786 2622 899 2683 tantas
933 2617 1172 2683 controversias
1204 2618 1240 2682 in
1274 2618 1413 2683 diversis

361 2716 472 2804 plagis
508 2717 603 2804 regui
642 2723 676 2782 et
711 2718 850 2784 dominii
882 2720 934 2783 sui
962 2719 1172 2806 pacificasset,
1204 2718 1344 2784 deduxit
1378 2721 1414 2784 in
1426 2732 1554 2799 mering

362 2820 552 2884 memoriam
585 2818 627 2884 de
653 2820 804 2906 passagio
827 2820 864 2883 in
886 2819 1019 2884 Terram
1044 2824 1191 2885 sanctam
1207 2825 1328 2903 contra
1351 2820 1414 2884 ini·
1427 2799 1551 2931 {ffizffi

362 2920 463 2985 mices
493 2919 574 2985 Jesu
610 2918 737 2985 Christi
760 2918 849 3005 quod
872 2926 951 2985 ante
974 2942 995 2985 a
1017 2942 1103 3007 papa
1134 2925 1169 2985 et
1195 2920 1309 2985 multis
1341 2921 1415 2985 aliis
1427 2939 1453 2981 to
1464 2933 1508 2983 the

361 3020 534 3088 catholicis
565 3022 772 3107 propositum
810 3021 931 3099 fuerat,
964 3028 998 3087 et
1030 3022 1172 3086 multum
1206 3022 1246 3088 de
1284 3023 1340 3087 illo
1380 3024 1414 3087 in
1427 3000 1548 3050 md&

361 3122 457 3189 corde
491 3124 658 3201 tractavit,
691 3122 748 3187 sed
786 3144 915 3209 guerrae
946 3124 982 3187 in
1022 3123 1184 3189 Gusconia
1220 3127 1255 3190 et
1289 3124 1413 3190 Wullia

362 3224 504 3289 multum
521 3223 768 3291 exhauserant⁷
791 3230 827 3290 et
849 3226 1104 3291 devastaverant
1126 3224 1298 3291 thesauros
1321 3226 1413 3312 ejus3

361 3327 449 3391 unde
472 3348 558 3413 papa
581 3326 767 3392 celestinus
792 3328 909 3392 videns
932 3328 1111 3393 cruciosam
1138 3328 1345 3393 voluntatem
1379 3328 1414 3391 in

361 3433 495 3493 tent-um
527 3428 669 3515 positam
702 3428 739 3491 in
769 3434 884 3494 sancto
906 3430 1075 3515 proposito
1104 3428 1244 3494 salubris
1276 3430 1414 3510 itineris,

362 3528 405 3594 ad
427 3534 544 3595 votum
576 3531 730 3596 cruciatae
753 3529 931 3616 implendae
954 3531 1048 3596 dedit
1070 3531 1101 3595 ei
1124 3552 1224 3596 unam
1255 3530 1415 3598 decimam
1429 3549 1509 3612 Paper

363 3630 404 3696 de
427 3636 499 3697 tota
525 3630 662 3697 eeclesia
684 3631 816 3718 Angliae
845 3654 905 3717 per
927 3632 984 3718 vij.
1009 3653 1120 3709 annos,
1144 3638 1179 3697 et
1201 3654 1288 3719 papa
1310 3621 1555 3745 Βοηε-ξζζῗίἑὲ

362 3735 467 3801 sacius
498 3734 557 3820 qui
589 3740 737 3801 recenter
766 3736 862 3800 venit
894 3741 971 3821 post
1006 3734 1208 3801 Gelestinum
1242 3736 1335 3802 dedit
1366 3736 1417 3803 illi

361 3839 524 3905 decimam
554 3838 600 3923 iij.
624 3859 794 3904 annorum.
853 3840 898 3904 Et
920 3840 1054 3905 interim
1078 3862 1138 3905 rex
1161 3840 1345 3908 Edwardus
1377 3842 1417 3906 de

365 3940 454 4006 dicto
477 3942 596 4005 itinere
619 3941 726 4027 primo
749 3941 930 4027 impeditus
954 3948 1005 4007 est
1028 3965 1087 4029 per
1109 3948 1247 4008 mortem
1271 3942 1416 4007 Alexan·

365 4043 418 4107 dri
453 4043 541 4130 regis
579 4042 753 4109 Scotorum
792 4044 850 4129 qui
888 4044 1091 4110 moriebatur
1128 4045 1236 4110 medio
1270 4051 1416 4131 tempore

396 4194 405 4227 ¹
416 4194 484 4258 fide,
494 4195 553 4247 Ms.
950 4196 961 4228 ⁴
970 4194 1042 4260 fuit]
1058 4195 1222 4253 vendebatur,
1235 4194 1313 4261 Higd.

397 4272 409 4307 ²
425 4274 503 4324 From
517 4274 562 4338 Sp.
950 4272 960 4306 ⁸
976 4274 1095 4335 exercuit,
1107 4272 1185 4338 Higu.

394 4352 500 4405 'From
511 4350 865 4417 thiepcintdountoh'trutu
949 4352 960 4385 ⁰
985 4352 1104 4403 Curiatio
1115 4366 1150 4402 en
1161 4353 1205 4404 the
1223 4353 1324 4421 margin
1342 4354 1371 4404 ol
1381 4354 1417 4405 A.

362 4433 401 4495 (p.
413 4434 477 4493 att)
497 4431 569 4482 there
587 4429 609 4482 ir
630 4430 738 4497 nothing
759 4429 786 4481 in
808 4430 864 4481 MS.
916 4432 947 4482 In
973 4431 1117 4497 Rishsnger
1138 4433 1183 4483 the
1206 4431 1287 4496 cheap
1311 4449 1373 4497 year
1396 4434 1417 4484 is

361 4512 387 4561 A
401 4510 479 4561 blank
496 4510 548 4562 leat
564 4509 594 4562 oi
607 4510 757 4576 perehment
774 4510 864 4560 stands
916 4510 991 4577 given
1005 4513 1043 4573 (p.
1059 4512 1120 4571 117)
1133 4526 1162 4560 ua
1176 4515 1247 4568 lats,
1256 4510 1372 4561 followed
1383 4513 1418 4578 by

361 4588 529 4655 inthcplacc
547 4589 575 4641 ol
590 4590 659 4641 viret
678 4589 864 4655 probablywar
915 4595 1025 4652 tempest
1049 4588 1100 4636 and
1122 4588 1212 4638 decrth
1235 4588 1260 4637 in
1284 4588 1327 4639 the
1357 4604 1419 4656 year

360 4667 580 4719 atonetimetvm
590 4682 668 4735 peges
678 4668 708 4718 ol
717 4674 780 4718 text.
809 4667 865 4718 The
917 4669 989 4719 alter.

360 4754 416 4797 text
426 4748 488 4799 hera
505 4746 607 4812 printed
622 4762 718 4806 comer,
729 4746 863 4810 therefore,
949 4745 1140 4805 terreamur,
1162 4747 1196 4799 A.
1220 4744 1300 4811 primu
1329 4762 1416 4812 manu,

360 4828 427 4877 from
440 4828 473 4877 A.
916 4826 963 4875 but
974 4826 1110 4876 corrected.
