3625 5784
173 1395 253 1522 erp.

172 1527 299 1578 ido-826·

617 936 887 988 usit‘mrssnffls
909 933 1118 985 eflsomcos.

657 1209 660 1214 ⁵
746 1259 857 1346 [our.
882 1257 996 1344 xv.]1

343 1443 357 1484 ²
434 1458 633 1528 ooupsrsrunt
655 1454 793 1512 Ssrsoeni
819 1455 897 1514 siout
919 1455 1097 1528 predixerat
1127 1455 1288 1512 Edwardus
1319 1455 1398 1513 infru

455 1545 542 1602 breve
565 1549 596 1600 et
610 1543 720 1600 'I'urohi
742 1545 785 1601 eis
807 1545 942 1602 sssooioti
965 1545 1092 1618 Syrium,
1115 1546 1260 1603 minorem
1282 1545 1394 1613 sunm,

345 1639 376 1690 et
398 1635 607 1716 lerosolymam
631 1634 737 1690 seriter
757 1634 943 1691 devastando.
988 1635 1135 1691 Heurious
1149 1653 1201 1690 rex
1216 1635 1395 1692 Frsnoorum

175 1715 319 1778 'TW-0⁰¹·
345 1724 449 1780 tertius
482 1724 650 1797 potionatus
687 1723 769 1781 obiit.
827 1724 920 1780 Stells
953 1716 1067 1780 eomsts
1100 1725 1184 1797 qussi
1215 1743 1268 1797 per
1298 1731 1395 1780 totum

346 1813 488 1869 mundum
510 1819 623 1887 septem
646 1812 748 1869 diebus
780 1813 927 1870 eontinuis
950 1813 1095 1886 opponit,
1120 1831 1209 1887 qusm
1240 1815 1283 1870 sio
1314 1815 1393 1870 solu-

344 1903 418 1958 tovit
448 1903 609 1959 mousohns
640 1903 760 1975 quidum
797 1902 1062 1959 Molmisburieneis
1099 1902 1232 1960 Oliverus
1265 1904 1393 1971 nomine,

345 1993 364 2018 “
389 1993 516 2060 Venisti,
544 1992 608 2065 jum
641 1993 749 2049 uenisti
782 1992 885 2048 multis
917 1992 1061 2047 matribus
1092 1992 1231 2063 lugende,
1266 1993 1318 2048 diu
1348 2000 1394 2050 est

345 2082 364 2107 “
388 2083 465 2153 quod
490 2087 521 2138 te
550 2082 622 2149 vidi,
646 2082 697 2138 sed
720 2081 807 2137 modo
840 2083 1045 2138 terribiliorem
1079 2087 1109 2136 te
1141 2083 1257 2138 intueor
1288 2083 1392 2154 petrin

344 2172 364 2196 ‘⁶
387 2171 477 2242 hujus
508 2170 655 2228 excidium
686 2171 879 2228 vibrantem.”
934 2173 994 2228 Iste
1027 2171 1161 2226 Oliverus
1195 2170 1289 2227 literis
1319 2177 1392 2227 tune

342 2260 440 2316 extitit
465 2262 607 2327 imbutus,
632 2279 694 2318 sevo
716 2265 860 2328 maturus,
876 2261 927 2316 sed
950 2261 1108 2316 immonem
1130 2259 1282 2317 sudnoism
1297 2260 1393 2333 prims

338 2348 494 2419 juventute
517 2355 648 2406 conotus.
694 2350 773 2406 Nom
796 2367 906 2422 pennus
939 2349 1075 2406 menibus
1097 2350 1271 2423 etpedibus
1292 2351 1392 2407 neseio

341 2455 398 2510 qus
420 2444 559 2496 nexuerst
582 2445 644 2495 erte
673 2443 708 2494 ut
730 2439 883 2496 Daedelino
914 2457 994 2496 more
1015 2439 1145 2507 rolurot3
1178 2441 1306 2496 subulam
1338 2456 1392 2512 pro

340 2545 408 2585 roro
440 2529 632 2601 amplexatus,
665 2529 843 2601 eolleotsquo
874 2548 890 2585 e
923 2547 1037 2586 summo
1070 2531 1160 2584 turris
1191 2548 1264 2586 sum
1295 2529 1391 2601 spatio
1455 2580 1459 2586 .

340 2617 428 2672 stadii
450 2623 480 2674 et
502 2619 569 2690 plus
592 2617 713 2684 volavit,
729 2618 780 2674 sed
795 2621 877 2675 venti
899 2624 931 2674 ot
952 2617 1080 2674 turbinis
1101 2619 1178 2674 mole
1193 2618 1391 2690 violentisque

339 2723 372 2761 uo
395 2707 470 2763 forte
492 2707 641 2763 temersrii
664 2708 734 2764 secti
757 2707 935 2764 conscientie
957 2707 1100 2764 tremulus
1121 2708 1240 2774 decidit,
1257 2707 1390 2763 omuibus

342 2797 404 2850 suis
425 2803 568 2869 perpetuo
592 2796 761 2853 debilitatis.

384 2885 477 2958 Apud
506 2886 799 2943 westmonasterium
823 2887 870 2942 die
905 2885 1113 2943 Iunooontium
1147 2904 1198 2942 rex
1230 2884 1389 2941 Edwmdns

339 2980 482 3044 aegrotsre
505 2974 603 3046 eoepit.
651 2975 712 3032 Sub
742 2993 799 3048 qus
822 2975 983 3032 novissime
1016 2975 1195 3048 aegritudine
1227 2973 1304 3028 vidit
1342 2973 1387 3028 vi-

338 3064 459 3132 sionem,
495 3082 583 3135 quum
614 3064 671 3120 sibi
703 3065 866 3121 sstsntibus
912 3064 1062 3137 expressit.
1125 3064 1317 3121 “Venerunt
1350 3061 1389 3118 ud

338 3154 358 3177 ‘⁶
383 3172 429 3209 me
463 3153 521 3209 duo
557 3153 616 3208 viri
653 3155 784 3226 religiosi
828 3172 901 3227 quoe
942 3154 1100 3228 sliqusndo
1137 3155 1170 3209 in
1206 3152 1389 3210 Normsnniu

338 3242 357 3266 ‘⁸
381 3243 460 3308 novi,
491 3242 631 3310 dieentes,
655 3261 686 3298 se
709 3263 727 3300 s
749 3243 803 3300 deo
826 3245 928 3298 missos
958 3250 993 3299 ut
1022 3244 1086 3299 haeo
1108 3243 1183 3298 mihi
1205 3243 1388 3298 nunoiurent.

338 3331 356 3356 “
381 3331 524 3402 Quoniam
556 3331 696 3404 primores
728 3333 846 3404 Angliae
879 3332 977 3400 duces,
1005 3333 1143 3405 episcopi,
1178 3330 1296 3388 sbbstes
1327 3349 1387 3387 uon

338 3419 356 3445 “
379 3427 448 3476 sunt
480 3420 611 3476 ministri
645 3421 692 3478 dei
724 3422 775 3478 sed
806 3423 925 3486 dioboli,
965 3421 1090 3478 trsdidit
1121 3422 1193 3478 deus
1226 3423 1282 3477 boo
1319 3439 1387 3490 reg-

338 3511 356 3535 “
380 3529 452 3566 num
492 3515 558 3582 post
598 3511 712 3566 obitum
750 3517 835 3566 tuum
874 3529 933 3566 uno
972 3529 1050 3568 suno
1096 3516 1126 3566 et
1171 3511 1218 3566 die
1257 3528 1317 3565 nno
1356 3511 1387 3564 in

337 3600 356 3624 ‘⁴
379 3619 468 3656 rnsnu
492 3599 616 3667 inimici,
640 3607 671 3656 et
693 3601 894 3673 pervagabunt
916 3601 1063 3657 daemoues
1086 3619 1139 3672 per
1160 3606 1268 3655 terrem
1291 3600 1386 3655 istum.

338 3689 356 3713 ‘⁸
382 3689 513 3760 Cumque
535 3707 669 3760 rogarem
692 3691 769 3761 quod
791 3690 829 3746 ud
855 3691 1112 3746 denunciationem
1140 3707 1236 3745 meum
1269 3694 1388 3761 possent

337 3778 356 3803 “
381 3778 524 3850 poenitere
546 3783 576 3834 et
599 3779 717 3834 liberuri
739 3781 871 3852 exemplo
901 3779 1103 3835 Ninivitarum
1116 3801 1122 3834 :
1135 3780 1153 3804 ’⁹
1187 3778 1318 3844 “Nom''
1341 3778 1388 3832 in·

338 3869 357 3891 ‘²
382 3868 500 3939 quiunt,
525 3869 543 3894 “
557 3886 626 3923 nom
661 3875 797 3925 neutrum
830 3869 896 3934 erit,
921 3869 991 3940 quis
1023 3885 1078 3924 neo
1110 3867 1159 3924 isti
1191 3867 1389 3942 poenitebunt,

339 3957 357 3980 ‘⁸
382 3977 435 4013 neo
458 3958 528 4013 dens
551 3949 764 4015 miserebitnr.”
810 3959 850 4014 Et
872 3957 953 4013 dixi:
988 3959 1008 3984 ‘⁶
1022 3957 1144 4027 Quando
1166 3957 1259 4027 igitur
1281 3956 1391 4029 poterit

339 4047 356 4070 ‘⁶
382 4047 492 4119 sperari
525 4039 711 4104 remissioP”
759 4047 941 4117 “Quando’'
963 4047 1113 4119 inquiunt,
1138 4047 1269 4102 “srbore
1300 4044 1390 4100 viridi

338 4136 358 4159 ‘⁶
382 4137 503 4207 proeoiss
526 4155 592 4208 pern
615 4135 712 4193 deeius
734 4139 824 4193 trium
845 4135 984 4208 jugerum
1011 4136 1105 4208 sputio
1128 4155 1146 4191 u
1172 4135 1272 4208 stipite
1295 4135 1390 4189 diviso

339 4225 357 4249 ‘⁶
382 4225 445 4280 eine
482 4225 661 4281 adminiculo
699 4233 804 4282 tuneo
841 4244 972 4283 connexe
1008 4225 1129 4281 floribus
1166 4225 1320 4295 pubescere
1357 4227 1389 4275 et

340 4314 358 4338 ⁸⁸
383 4315 496 4370 fruetus
518 4314 677 4387 producere
710 4316 861 4388 coeperit.”
908 4313 1014 4371 Astitit
1044 4320 1116 4368 tnnc
1149 4312 1309 4382 Stigsndns
1340 4327 1388 4364 or·

337 4403 537 4476 ehiepiscopus
560 4403 778 4462 Gontusriensis
800 4404 910 4472 dicens,
933 4404 1066 4462 vetulum
1088 4400 1173 4458 senili
1193 4417 1273 4456 more
1294 4415 1389 4468 nugos

1308 4571 1389 4580 ᾖ

371 4693 471 4745 ¹me
482 4694 515 4742 Α.
549 4693 603 4744 The
619 4694 674 4744 first
691 4702 741 4745 two
754 4693 836 4744 words
919 4689 1097 4742 ²Thisisthe
1106 4689 1209 4741 revenit
1221 4690 1296 4741 letter
1306 4687 1335 4738 oi
1346 4691 1390 4737 tte

336 4771 366 4820 of
381 4772 424 4822 the
441 4772 547 4836 chapter
567 4786 609 4824 ure
629 4773 656 4823 iu
675 4774 759 4841 lorger
775 4774 836 4824 obu-
886 4770 991 4823 writer's
1002 4783 1128 4821 surneme.

336 4851 466 4916 meterem
479 4851 537 4902 MS.

425 4957 440 4992 o
475 4945 568 4994 51971.
1231 4958 1256 5007 D
