3625 5784
459 884 497 946 12
809 895 959 946 sermm
982 893 1169 944 rruosron

454 1081 544 1146 niam
577 1105 634 1170 pro
672 1105 710 1148 eo
748 1084 837 1168 quod
873 1083 1011 1148 barones
1048 1082 1100 1146 sui
1138 1079 1393 1166 smpicabantur
1433 1099 1510 1145 aum

455 1183 655 1267 proditorem
685 1188 720 1250 et
751 1183 978 1249 subversorem
1005 1183 1189 1248 communis
1217 1181 1385 1268 profectus
1415 1181 1509 1266 regni

454 1285 505 1348 soi
544 1306 583 1351 eo
615 1287 704 1371 quod
741 1286 840 1350 nimis
871 1285 1052 1351 inclinatus
1083 1283 1149 1348 fuit
1185 1283 1365 1348 antedictis
1401 1281 1508 1347 Danis

453 1391 488 1451 et
520 1387 669 1472 praetulit
691 1407 804 1455 eorum
827 1387 1001 1454 consilium
1024 1384 1161 1452 consilio
1184 1384 1345 1472 legiomm
1373 1403 1508 1450 suorum

351 1562 356 1574 ι
449 1487 658 1572 juratorum¹
694 1489 853 1568 fidelium,
879 1489 1019 1556 incunit
1051 1494 1191 1554 mortem
1224 1487 1311 1552 infra
1342 1487 1507 1575 scriptam.

288 1563 420 1680 {fflhe
455 1590 506 1658 De
529 1597 634 1658 morte
662 1593 733 1680 ejus
755 1593 870 1662 multae
894 1596 973 1657 sunt
996 1591 1175 1677 opiniones,
1198 1590 1256 1656 sed
1279 1587 1420 1655 sufficiat
1442 1609 1511 1654 nna

288 1695 382 1774 warin
456 1713 515 1777 pro
537 1693 690 1758 omnibus
713 1715 787 1758 cum
825 1695 870 1758 sit
904 1715 962 1778 per
994 1691 1216 1778 proditionem
1241 1691 1367 1758 occisus
1390 1689 1510 1755 Edrici.

289 1761 374 1878 2¹:12⁰}
374 1763 443 1879 effi}
458 1793 524 1858 Iste
558 1793 696 1860 Edrieus
719 1795 851 1881 rogavit
882 1795 1095 1859 Edmundum
1118 1793 1292 1858 dominum
1338 1813 1435 1857 suum
1465 1792 1509 1858 ad

288 1895 323 2011 gr
335 1893 374 2010 ¹31⁸
458 1897 642 1980 prandium,
680 1902 714 1962 et
752 1903 827 1984 post
867 1896 1044 1982 prandium
1081 1915 1155 1961 cum
1191 1894 1321 1961 intrant
1349 1913 1511 1960 camelum

307 1975 337 2012 ω
369 1999 374 2012 ’
457 1997 549 2084 vidit
566 2019 670 2064 unum
702 1999 877 2086 tristegum
908 2020 983 2065 cum
1005 1998 1162 2084 ymagine
1183 1996 1227 2062 ad
1257 1995 1511 2062 similitudinem

457 2099 554 2162 unius
593 2099 766 2187 sagittarii,
796 2101 941 2166 tenentis
979 2119 1092 2166 arcum
1130 2099 1166 2163 in
1204 2119 1317 2176 manu,
1339 2097 1512 2164 tendentis

456 2221 567 2266 amum
590 2221 665 2267 cum
700 2201 830 2288 sagitta
889 2199 934 2266 Et
956 2221 1015 2266 rex
1046 2199 1186 2265 miratus
1208 2199 1345 2266 necessit
1367 2197 1511 2285 propius,

457 2306 587 2368 etcum
619 2303 782 2390 tetigisset
804 2303 995 2389 ymaginem
1026 2323 1126 2368 manu
1160 2323 1231 2379 sua,
1253 2303 1367 2367 statim
1390 2322 1511 2388 ymago

457 2403 568 2469 emisit
605 2405 762 2494 sagittam
805 2413 840 2471 et
877 2403 1047 2471 interfecit
1084 2427 1202 2491 regem.
1258 2405 1347 2470 Nam
1371 2403 1669 2478 fflncusrmaor

457 2507 605 2592 proditor
648 2509 893 2594 imaginabatur
937 2529 996 2594 per
1036 2506 1241 2592 sortilegium
1277 2506 1391 2573 taliter
1428 2485 1598 2573 occi-²³¹⁷·

457 2609 533 2674 dere
577 2611 746 2676 dominum
792 2632 898 2687 suum,
937 2614 977 2676 ut
1021 2611 1068 2675 sic
1112 2611 1270 2676 cariorem
1315 2610 1439 2676 faceret
1475 2631 1511 2675 se

327 2787 331 2797 Ι
458 2711 595 2778 Ganuto.
651 2712 794 2793 Quidam
826 2712 943 2779 dicunt
976 2712 1064 2798 quod
1095 2711 1233 2777 Edricus
1264 2711 1406 2797 quadam
1438 2713 1510 2778 vice

457 2835 531 2880 cum
570 2813 766 2881 Edmundus
804 2813 846 2880 ad
885 2814 1046 2900 requisita
1090 2818 1219 2880 naturae
1265 2814 1305 2878 ad
1345 2815 1510 2901 privatam

459 2917 592 2982 domum
635 2917 779 2994 accessit,
814 2915 875 2982 sub
908 2916 1004 2982 domo
1042 2937 1076 2980 se
1114 2915 1294 2994 abscondit,
1329 2921 1363 2981 et
1400 2938 1509 3004 regem

459 3017 671 3085 Edmundum
694 3019 736 3084 ad
759 3017 941 3084 necessaria
967 3019 1135 3083 sedentem
1158 3018 1246 3083 inter
1268 3018 1405 3083 celanda
1426 3017 1510 3085 ferro

457 3121 634 3188 transfodit
657 3127 692 3186 et
715 3119 841 3188 occidit.
887 3119 957 3184 Alii
981 3119 1097 3186 dicunt
1119 3120 1207 3204 quod
1229 3120 1376 3206 corrupit
1395 3142 1511 3186 mune·

457 3221 548 3288 ribus
582 3223 775 3290 camerarios
798 3222 967 3287 Edmundi
997 3227 1036 3286 ut
1067 3223 1131 3308 ipsi
1154 3243 1230 3286 eum
1253 3223 1290 3286 in
1321 3221 1406 3289 lecto
1428 3223 1511 3290 oeci-

288 3322 426 3400 antiopus
457 3323 581 3390 derant.
629 3324 708 3390 Sira
743 3326 798 3402 sie,
820 3325 890 3390 sive
923 3324 979 3401 sic,
1009 3345 1068 3410 per
1099 3323 1255 3390 Edrioum
1287 3330 1437 3392 mortuus
1459 3331 1510 3391 est

286 3389 434 3506 ἱξᾛῗζζῖἓ
457 3427 642 3512 proditiose.
690 3427 821 3492 Mortuo
862 3427 909 3492 sic
939 3425 1117 3492 Edmundo
1148 3426 1266 3504 dolose,
1296 3429 1410 3494 statim
1442 3425 1509 3492 Ed-

287 3522 393 3636 tretwp
457 3527 543 3592 ricus
580 3529 717 3594 accessit
754 3527 796 3594 ad
834 3547 972 3594 uxorem
1016 3528 1184 3594 Edmundi
1230 3529 1431 3596 nescientem
1469 3530 1509 3596 de

287 3604 415 3707 fflns,
457 3634 591 3708 eventu,
616 3628 753 3695 attulit
776 3629 857 3696 duos
879 3629 964 3695 filios
988 3629 1060 3716 ejus
1080 3629 1282 3697 Edwardum
1306 3638 1340 3697 et
1362 3631 1510 3698 Edmun·

457 3731 536 3797 dum
559 3738 595 3798 et
617 3731 715 3797 duxit
739 3753 793 3798 eos
816 3731 858 3798 ad
881 3731 1051 3798 Canutum
1074 3732 1280 3820 aliquamdiu
1299 3731 1510 3801 dissimulans

457 3831 629 3922 flagitium.

859 4083 866 4116 ¹
886 4091 1045 4146 narratorum,
1057 4085 1114 4138 MS.
