3625 5784
408 844 473 907 304
741 859 888 909 sermm
911 860 1093 910 aureuma*

241 1074 312 1111 some
407 1062 486 1107 vero
517 1043 646 1109 emissis
679 1044 772 1127 equis
793 1049 829 1110 et
861 1044 964 1109 armis
995 1064 1069 1110 oum
1102 1042 1296 1113 difficultate
1329 1040 1460 1110 evasit.l

239 1128 377 1259 &riguere
407 1144 509 1211 Multi
542 1147 632 1212 enim
666 1146 799 1235 Anglioi
830 1169 874 1213 er
907 1147 1171 1233 frequentatione
1206 1146 1293 1213 inita
1324 1147 1456 1233 signum

407 1256 643 1335 cognoverunt,
689 1256 725 1316 et
779 1250 864 1315 illud
910 1250 1156 1337 frequentantes
1201 1250 1321 1316 salvati
1379 1254 1459 1315 sunt

408 1351 572 1439 fugientes
606 1375 667 1439 per
688 1375 830 1439 campos,
853 1358 888 1419 et
919 1353 1018 1419 multi
1041 1355 1130 1439 eapti
1154 1354 1247 1421 ducti
1280 1359 1360 1419 sunt
1383 1375 1459 1439 oep·
1518 1430 1522 1439 ⁸

406 1454 470 1518 tiri
486 1456 529 1519 ad
552 1461 698 1521 centrum
714 1456 756 1521 de
779 1454 1165 1542 Rokesburgb,quon1m
1188 1456 1325 1541 quidem
1340 1455 1461 1542 gladie,

239 1573 376 1650 phanag·
406 1556 542 1641 quidam
588 1580 668 1622 vero
712 1557 800 1623 fame
846 1558 881 1621 in
921 1579 1048 1623 carcere
1087 1558 1265 1643 perierunt.
1323 1556 1461 1623 Residui

239 1640 378 1757 fflesss'sse·
406 1659 540 1742 quidem
574 1659 672 1745 pauci
695 1666 771 1745 post
793 1665 924 1746 captam
960 1660 1075 1724 urbem
1098 1659 1139 1725 de
1163 1658 1310 1746 Berwyk
1343 1683 1364 1724 a
1387 1680 1463 1746 rege

241 1774 327 1823 lasea
407 1759 572 1825 Eduardo
595 1762 639 1825 ad
661 1782 774 1846 preces
797 1760 969 1845 eujusdam
993 1761 1088 1825 bonoe
1123 1762 1266 1827 dominae
1290 1784 1364 1847 quae
1387 1782 1461 1826 oum

239 1840 378 1956 ffissfflff
407 1860 514 1927 Seotis
537 1862 574 1926 in
597 1863 711 1928 eodem
727 1868 835 1928 castro
858 1863 976 1941 fuerat,
1000 1863 1134 1928 liberati
1150 1869 1252 1945 sunt3
1275 1865 1332 1929 sed
1350 1870 1463 1929 tamen

238 1980 383 2049 captarent
406 1963 456 2028 ita
477 1964 561 2029 nudi
583 1965 670 2030 sieut
693 1965 814 2051 egressi
836 1972 917 2030 sunt
941 1965 981 2030 de
1004 1969 1100 2030 utero
1122 1966 1247 2031 matris.
1295 1966 1379 2031 Cum
1403 1988 1463 2031 rex

238 2038 363 2089 ΗΘΜ·
407 2066 593 2131 Edwardus
627 2068 694 2132 ista
716 2068 874 2145 audisset,
907 2068 1082 2134 benedixit
1104 2068 1212 2144 deum,
1236 2068 1462 2133 “Benedictus

406 2176 425 2203 “
447 2169 493 2235 sit
523 2169 605 2235 deus
627 2169 809 2235 altissimus
848 2171 906 2255 qui
945 2192 1049 2256 usque
1087 2170 1123 2234 in
1160 2191 1305 2256 presens
1344 2192 1462 2235 manus

406 2278 423 2304 ‘¹
446 2276 577 2335 nostras
599 2271 811 2337 conservavit
827 2272 990 2337 innoxias.
1038 2272 1082 2337 Et
1097 2293 1139 2337 ex
1156 2292 1222 2359 quo
1246 2272 1317 2357 jam
1335 2271 1461 2357 incepe-

407 2382 424 2407 “
446 2380 529 2439 runt
550 2374 597 2440 sia
620 2379 655 2439 et
676 2396 817 2461 regnum
839 2380 992 2439 nostrum
1015 2373 1180 2439 hostiliter
1202 2374 1341 2462 ingressi
1373 2380 1463 2449 sunt,

407 2484 424 2511 “
446 2496 507 2541 nos
529 2482 662 2543 auetore
678 2476 812 2542 domino
827 2476 956 2543 laetum
972 2473 1232 2562 complebimus?
1246 2482 1281 2543 et
1296 2476 1331 2541 in
1348 2498 1460 2543 eorum

405 2583 424 2617 “
445 2578 557 2664 capita
576 2578 795 2665 retorquendo
817 2576 1001 2643 consimilia
1042 2577 1227 2643 faciemus.'’
1284 2578 1350 2644 Sed
1382 2580 1463 2664 quia

406 2685 478 2745 erat
500 2680 690 2767 proximum
713 2680 842 2746 Pascha
864 2679 975 2745 noluit
998 2678 1080 2745 fines
1107 2702 1184 2745 suos
1208 2680 1328 2767 egredi,
1355 2680 1460 2747 donee

405 2788 539 2868 peraeta
561 2782 794 2868 solempnitate
822 2780 982 2847 Paschali.

235 2912 427 3050 ffliiqdoehd
449 2882 562 3052 ngqe
592 2883 718 3051 {ginis
750 2882 924 3000 Scotorum
948 2882 1113 3050 etaereidtus
1135 2883 1285 3049 aequisque
1308 2906 1329 2949 a
1351 2889 1460 3001 eastrq

353 3008 363 3020 ·
724 3008 802 3050 vem
893 3006 990 3050 sexo
1035 3007 1109 3049 rus
1211 3008 1282 3050 riis
1320 3010 1332 3050 1
1414 3010 1436 3050 s

237 3046 384 3163 tffilffi?
405 3008 486 3153 sina
507 3006 867 3154 finiiaiaumeii
893 3087 930 3151 in
954 3085 1041 3151 vaae
1063 3085 1105 3151 ue
1121 3006 1255 3163 ateias
1270 3008 1459 3153 aiiii

236 3180 350 3231 ΨΜ
403 3190 576 3256 castellum
609 3190 650 3256 de
673 3187 872 3275 Hyrbotyf³
907 3209 985 3274 per
1030 3188 1113 3253 duos
1151 3188 1244 3268 dies3
1290 3190 1348 3253 sed
1382 3210 1458 3255 eum

403 3292 560 3378 profitere
604 3314 639 3357 se
672 3312 741 3356 non
785 3289 947 3367 viderent,
995 3288 1097 3355 immo
1142 3290 1365 3376 perdidissent
1396 3292 1459 3356 ali-

403 3415 486 3479 quos
535 3395 577 3459 de
632 3392 710 3471 suis,
741 3393 880 3479 digressi
937 3398 1017 3457 sunt
1070 3392 1149 3457 inde
1193 3399 1363 3459 vastantes
1424 3400 1459 3460 et

402 3495 671 3560 concremantes⁰
704 3515 747 3558 ex
784 3493 937 3559 orientali
961 3498 1055 3580 parte
1079 3495 1118 3558 de
1150 3495 1252 3579 Tyne,
1277 3494 1459 3572 cocodaless

404 3597 595 3674 Redesdale,
636 3602 671 3663 et
709 3596 985 3661 Nerthumbriam
1039 3616 1113 3660 cum
1161 3596 1301 3683 Corbrig
1354 3620 1459 3684 usque

236 3715 358 3792 uheyra
404 3697 663 3777 Exteldesham,⁸
693 3699 807 3783 ibique
845 3698 1051 3783 fugientibus
1089 3698 1255 3764 canonicis
1296 3699 1458 3786 hospitati

233 3782 357 3896 {gfff
402 3807 482 3866 sunt
519 3824 586 3867 uno
631 3802 693 3867 die.
741 3802 839 3866 Mane
885 3808 998 3865 autem
1032 3800 1131 3880 festo,
1170 3822 1245 3866 oum
1278 3802 1350 3887 jam
1389 3826 1456 3869 mo·

233 3864 312 3965 maii
400 3905 584 3970 nasterium
629 3905 712 3969 illud
757 3903 910 3969 omnibus
956 3903 1052 3989 quasi
1097 3903 1192 3968 bonis
1247 3906 1454 3991 spoliassent,

232 3982 346 4047 mange
400 4014 625 4096 apposuerunt
658 4014 694 4073 et
716 4008 825 4093 ignem
857 4012 893 4071 et
915 4006 1153 4071 monasterium
1176 4028 1250 4073 aum
1275 4014 1348 4074 tota
1370 4011 1452 4076 villa

232 4073 368 4123 Detailsot
773 4110 808 4123 ..
1263 4110 1270 4123 .

230 4140 379 4206 theopoua
398 4112 659 4202 combusserunt.
705 4110 811 4174 Oblit1
842 4129 985 4193 namque
1023 4113 1103 4173 sunt
1135 4130 1327 4175 memoriam
1360 4134 1450 4177 reve-

231 4204 293 4257 tion.

433 4324 442 4357 ¹
459 4324 555 4391 evasit]
575 4324 675 4376 written
686 4340 720 4375 on
737 4324 781 4374 the
800 4320 900 4387 margin
983 4318 994 4351 ⁸
1012 4320 1051 4371 te.
1064 4320 1205 4373 Herbottle.

398 4401 469 4453 inA.
983 4398 1079 4450 ⁶Here
1090 4416 1125 4451 on
1142 4402 1203 4453 both
1215 4404 1328 4471 margins
1340 4405 1363 4455 ls
1379 4408 1452 4459 Senti

431 4480 725 4547 ²complevimus‚Mss.
950 4476 1134 4531 combusserunt
1176 4480 1357 4535 Etteldeadam
1395 4505 1449 4538 cum

432 4558 499 4610 'ta
521 4560 661 4612 Jedworth.
705 4559 758 4609 The
780 4572 854 4609 name
877 4555 899 4607 is
948 4559 1048 4623 patria.

398 4638 474 4705 given
487 4655 515 4689 aa
528 4638 699 4689 Rodewartlte
710 4637 736 4688 in
749 4636 900 4703 Rishanger,
982 4638 994 4677 ²
1012 4640 1066 4691 The
1077 4644 1160 4708 ralley
1172 4644 1203 4695 of
1210 4644 1251 4696 the
1264 4646 1369 4711 Coquet.

398 4716 415 4765 i.
430 4721 485 4767 159.
984 4722 995 4755 ⁸
1012 4724 1051 4773 ee.
1063 4724 1191 4777 Hexhunr.

430 4796 440 4828 ⁴
457 4798 498 4848 te.
509 4796 645 4849 Readdale.
