3625 5784
628 905 899 956 nnrcnsnsnssrs
922 907 1134 958 canonicos.
1205 939 1210 946 ι
1367 901 1410 967 47

360 1125 442 1179 popm
465 1107 794 1165 excommunicationem
817 1126 905 1180 quom
927 1111 1085 1183 propinqui
1106 1112 1149 1168 sic
1171 1111 1341 1171 deriderunt
1368 1116 1412 1172 lu·

359 1198 495 1254 trunculi.
541 1197 605 1254 Aut
626 1196 720 1269 igitur
742 1215 794 1254 suu
816 1199 861 1253 illi
883 1199 945 1254 fore
967 1200 1156 1268 restituendo,
1180 1208 1233 1258 sut
1254 1221 1307 1276 per
1328 1223 1412 1278 pnpae

359 1286 587 1342 fraudulentiam
621 1287 727 1343 emisse
764 1292 939 1358 constarent,
970 1289 1159 1362 futurumque
1189 1292 1251 1348 fore
1288 1299 1323 1348 ut
1359 1312 1411 1350 rex

358 1375 477 1447 Anglioe
500 1376 563 1434 haec
578 1376 699 1432 eudicus
714 1377 808 1434 suncti
823 1377 903 1434 Petri
918 1377 1063 1434 tributum
1078 1381 1270 1448 subtraheret,
1287 1381 1410 1455 impium

358 1481 419 1520 esse
440 1465 616 1522 ammoneri
636 1464 783 1522 Aldredus
817 1467 963 1537 inglorius
993 1467 1134 1524 simulet
1165 1470 1306 1542 spolietur
1327 1489 1409 1544 repe-

358 1554 469 1610 trieret.
513 1554 612 1626 Igitur
636 1553 782 1611 Aldredus
815 1555 906 1628 pollio
940 1556 1099 1628 insignitus
1120 1558 1262 1630 Angliem
1295 1560 1410 1617 rediens

358 1641 523 1699 Wlstsnum
561 1645 688 1716 priorem
730 1644 801 1700 fecit
837 1646 1071 1718 Wygornensem
1115 1649 1280 1719 praesulem.
1341 1651 1410 1706 Non

359 1733 437 1788 enim
460 1751 478 1788 e
508 1733 651 1804 Stigendo
678 1733 881 1790 Onntucrieusi
916 1735 1070 1808 quisquam
1102 1737 1270 1808 pontificale
1301 1757 1410 1796 munus

358 1821 483 1878 libenter
519 1822 688 1894 susceperit,
724 1823 775 1880 sed
811 1841 865 1879 nec
897 1823 960 1896 ipse
994 1825 1054 1881 dux
1087 1825 1255 1884 Willelmus
1288 1830 1409 1885 veniens

358 1909 590 1968 benedictionem
612 1912 650 1969 eb
673 1912 725 1968 illo
748 1913 883 1986 suscepit.

750 2389 859 2478 [orn.
883 2389 1014 2476 x1v.]1

184 2575 321 2643 Ηῐςᾱηὶῐ,
357 2554 370 2595 ²
459 2563 574 2621 eroldus
608 2564 667 2620 dux
696 2564 920 2621 Westssxonnm
943 2565 1029 2638 jussu
1062 2565 1142 2638 regis
1172 2567 1310 2624 Edwardi
1341 2574 1408 2641 post

184 2647 312 2696 ²¹⁴·220·
478 2655 576 2711 nutele
611 2653 723 2710 domini
754 2671 821 2710 cum
853 2655 967 2712 modico
997 2655 1130 2730 equitetu
1151 2655 1288 2713 Wslliem
1321 2659 1406 2724 adiit,

357 2742 511 2816 pallacium
534 2743 651 2801 Griffini
673 2744 750 2816 regis
773 2742 852 2816 epud
874 2744 1025 2802 Ruthelen
1048 2749 1079 2802 et
1110 2763 1200 2802 neves
1230 2745 1294 2818 ejus
1325 2764 1407 2803 com·

357 2833 458 2889 bussit
504 2833 643 2890 Griffinus
665 2833 805 2904 fugiendo
836 2834 950 2902 evasit3
987 2835 1172 2908 postmodum
1196 2841 1298 2891 contra
1318 2852 1405 2906 roge-

357 2911 473 2979 tioues³
496 2942 563 2980 eum
587 2923 706 2980 classice
739 2940 831 2979 menn
864 2921 900 2978 de
932 2922 1084 2980 Bristollis
1117 2925 1264 2995 profectus
1295 2929 1404 2979 terrem

183 3019 269 3084 Tm
282 3021 332 3073 col.
359 3012 560 3070 Wullunorum
584 3031 668 3087 paene
692 3011 965 3084 circumnevigerit.
1012 3013 1068 3069 Oui
1083 3013 1175 3068 freter
1197 3030 1267 3068 suus
1289 3013 1406 3069 'Postius

182 3091 258 3139 ⁹³³⁷·
356 3119 451 3159 comes
482 3103 742 3160 Northnmbrensis
765 3120 832 3159 cum
862 3102 990 3174 equestri
1017 3101 1149 3158 exercitu
1171 3119 1329 3158 occurrens
1364 3102 1407 3158 ite

355 3191 514 3264 depraednti
537 3197 607 3248 sunt
635 3193 707 3249 fines
729 3192 931 3250 Wellnncrum
963 3196 998 3248 ut
1029 3191 1107 3247 detis
1130 3190 1279 3247 obsidibus
1310 3190 1405 3246 tribn-

355 3285 442 3353 toqne
464 3282 561 3339 soluto
583 3282 743 3338 Wellensss
773 3297 874 3352 regern
896 3299 982 3338 sunm
1006 3281 1162 3337 Griffinnm
1185 3281 1353 3352 exlegurent
1375 3286 1406 3337 ct

353 3369 507 3427 obicerent.
554 3371 599 3428 Ao
620 3371 740 3427 tundem
762 3371 839 3426 circe
861 3389 954 3427 nonne
976 3372 1105 3443 Augusti
1128 3370 1226 3444 ipsum
1249 3371 1405 3427 Griffinum

354 3459 523 3516 occiderunt
545 3467 575 3517 et
597 3465 685 3533 ceput
708 3459 772 3531 ejus
804 3460 937 3516 Hercldo
959 3461 1112 3517 miserunt.
1159 3461 1231 3516 Post
1262 3461 1326 3518 haec
1353 3479 1405 3517 rex

353 3547 512 3606 Edwmdus
555 3554 664 3606 terrum
701 3549 903 3607 Wellenorum
943 3549 1056 3607 dnobus
1100 3548 1240 3605 fnanibus
1289 3549 1405 3606 Griffini

352 3639 495 3696 concessit
517 3638 657 3696 fidelitete
680 3637 736 3695 sibi
765 3637 872 3710 jurate.
919 3639 1069 3696 Hnrsldus
1102 3639 1226 3695 tendens
1257 3639 1405 3696 Ncrmun·

350 3727 432 3784 nism
468 3733 503 3784 ut
541 3728 661 3785 finirem
699 3746 785 3784 snum
823 3727 989 3784 Wilnotum
1028 3734 1058 3786 et
1095 3729 1190 3785 filium
1228 3729 1327 3784 fretu
1358 3727 1406 3783 sui

351 3816 457 3874 Hsonn
488 3817 567 3891 apud
601 3818 704 3874 ducem
735 3817 920 3875 Wiilelmum
953 3818 1112 3875 obsidiutos
1146 3816 1297 3886 inviseret,
1328 3822 1405 3874 tem·

351 3911 463 3978 pestate
496 3912 578 3964 setun
612 3913 656 3965 est
687 3905 719 3962 in
753 3907 905 3963 Ponticum
941 3907 1135 3980 provinciam,
1169 3925 1256 3980 quem
1287 3912 1405 3981 ceptum

351 3997 453 4053 consul
487 3997 627 4054 Ponticus
658 3995 822 4052 transmisit
854 3996 1004 4054 Willelmc
1027 3997 1096 4054 duci
1128 3997 1330 4064 Normenniss,
1353 3995 1406 4052 ubi

351 4084 499 4142 Hsreldus
512 4091 548 4142 ut
570 4088 663 4143 fertur
685 4091 842 4159 numqaum
865 4087 988 4144 erodere
1009 4087 1110 4161 potnit
1127 4085 1242 4158 jurarit
1255 4087 1406 4145 Willelmo

351 4179 385 4230 ut
406 4175 498 4232 filium
532 4193 614 4233 suem
637 4175 766 4244 duceret,
790 4181 820 4232 et
842 4175 921 4248 quod
951 4182 1068 4233 mortno
1100 4175 1242 4233 Eduardo
1263 4175 1405 4247 Angliem

350 4261 388 4320 ed
421 4282 495 4338 opus
528 4265 592 4338 ejus
624 4270 764 4334 servaret,
796 4269 827 4322 et
859 4265 901 4322 sic
935 4271 1052 4339 recepto
1081 4283 1180 4322 secum
1211 4269 1319 4338 nepote
1351 4281 1406 4320 sno

381 4511 483 4563 ¹From
495 4513 530 4564 A.
559 4512 755 4564 Thefintthrce
764 4513 846 4563 words
933 4509 1111 4575 ⁸m9cticnes.
1163 4509 1240 4558 Some
1268 4507 1347 4560 MSS.
1375 4509 1406 4561 oi

347 4589 376 4640 of
394 4589 438 4644 the
456 4589 622 4654 uituperare
640 4590 666 4641 in
685 4593 767 4658 terget
786 4587 845 4641 cha-
900 4588 981 4654 Higd
996 4587 1055 4653 give
1075 4586 1266 4651 cecesiacum,
1277 4587 1401 4641 whiehis

347 4665 546 4718 artusinus.
899 4672 1023 4736 probably
1035 4677 1140 4722 correct.

379 4744 467 4796 ²'litis
484 4745 506 4796 is
521 4745 567 4798 the
584 4745 655 4797 sixth
671 4745 744 4798 letter
761 4745 791 4796 ci
803 4745 847 4797 the

346 4827 456 4878 cuthcr’s
468 4841 596 4878 surusme.
