3625 5784
625 876 896 927 mcmmnuus
919 877 1129 931 cnuou1oou.
1332 868 1395 933 311

345 1088 421 1129 nouo
442 1074 470 1130 le
492 1074 709 1131 doeturberome
733 1094 751 1131 u
772 1081 834 1133 toto
854 1082 955 1134 nostre
977 1094 1065 1149 poure
1082 1058 1152 1134 'oue
1186 1079 1252 1135 lom·
1273 1079 1395 1135 serrome

344 1164 497 1219 mvoiro.
542 1166 583 1221 nt
618 1183 637 1220 e
674 1167 768 1222 oesten
799 1165 901 1223 ehoeoz
936 1166 1015 1223 tenir
1047 1172 1078 1221 et
1108 1168 1214 1238 gnrder
1251 1168 1395 1240 obligome

344 1267 420 1307 noun
441 1258 472 1308 ot
493 1271 549 1309 non
579 1254 685 1327 heyrez
726 1260 758 1311 et
792 1259 861 1310 touz
891 1273 967 1311 noun
998 1254 1091 1312 bionz.
1153 1258 1199 1312 En
1230 1262 1313 1313 outre
1344 1274 1394 1314 ooo

344 1356 443 1396 uvome
463 1340 548 1413 jurez
571 1360 623 1399 eur
652 1348 753 1416 eoynto
781 1345 952 1415 Euangelon.
999 1344 1038 1400 Et
1068 1343 1134 1417 puis
1164 1364 1238 1401 noue
1267 1351 1334 1403 tous
1363 1352 1394 1402 et

344 1428 470 1486 oheeonn
504 1449 558 1503 por
598 1450 649 1505 eey
679 1450 778 1488 evome
809 1432 881 1489 suite
910 1434 1035 1503 homage
1065 1452 1083 1489 o
1111 1440 1210 1491 nostre
1244 1434 1393 1507 seigniour

343 1518 372 1573 le
393 1536 446 1591 roy
468 1521 622 1576 eventdite
644 1539 682 1577 en
705 1527 798 1577 oestez
820 1523 945 1595 peroleu.

389 1608 444 1664 Jeo
475 1609 610 1682 devynke
632 1615 729 1666 vostre
759 1611 878 1668 homme
900 1610 960 1683 lige
991 1612 1027 1668 de
1049 1628 1106 1685 vye
1136 1617 1166 1667 et
1195 1612 1231 1669 de
1262 1613 1392 1669 membre

344 1703 375 1752 ot
397 1697 434 1753 de
455 1703 571 1756 terreno
593 1699 708 1755 honour
738 1705 840 1756 oontro
863 1706 932 1757 tonn
959 1706 1047 1773 genio
1078 1718 1135 1773 que
1165 1706 1289 1773 purront
1309 1702 1393 1757 viver

343 1804 398 1843 ouo
420 1805 501 1844 more
534 1831 541 1844 .

389 1806 535 1933 monii
548 1896 658 1934 moeme
672 1878 759 1951 oeiny
782 1883 881 1935 noeine
895 1878 1045 1950 seigniour
1067 1880 1095 1935 le
1117 1896 1170 1951 roy
1193 1880 1231 1935 ud
1254 1896 1338 1935 recen
1354 1896 1392 1935 eu

344 1970 405 2021 oeut
419 1965 518 2022 forme
551 1968 634 2023 Nouo
658 1969 687 2023 le
701 1984 870 2041 reoeyvomu
885 1967 922 2023 de
937 1972 1029 2025 terrm
1044 1967 1117 2025 dont
1139 1986 1211 2025 vom
1234 1972 1310 2025 estez
1342 1985 1391 2023 ore

343 2071 424 2127 seyen
447 2056 515 2109 eous
532 2061 632 2112 nostre
654 2056 734 2112 droit
766 2062 799 2113 et
831 2056 909 2112 autri
941 2062 971 2113 et
1005 2058 1111 2129 foi-pris
1143 2058 1187 2112 len
1221 2062 1315 2115 terren
1347 2057 1391 2112 lez

342 2160 432 2215 queue
455 2143 535 2199 John
557 2144 594 2201 de
616 2136 777 2218 Buliol²qi
798 2146 871 2201 fuist
891 2163 945 2219 roy
968 2145 1004 2201 de
1028 2148 1118 2203 Soooe
1139 2164 1211 2202 vous
1233 2146 1310 2202 done
1324 2145 1392 2217 puis

342 2248 398 2302 que
420 2250 494 2287 nous
516 2234 568 2306 luy
590 2252 686 2290 onmes
707 2235 817 2291 renduz
840 2235 868 2291 le
890 2236 999 2291 reeime
1021 2236 1057 2291 de
1081 2236 1168 2291 Soooe
1191 2234 1216 2291 ei
1238 2235 1305 2289 nole
1320 2251 1392 2290 vous

342 2319 384 2375 eit
406 2321 489 2378 done.
534 2322 640 2379 Ousire
663 2341 714 2379 oeo
743 2342 817 2379 noue
850 2329 917 2379 tone
939 2330 969 2380 et
1003 2325 1145 2381 oheuoune
1177 2322 1213 2380 de
1244 2340 1317 2380 noue
1339 2340 1392 2396 pur

172 2406 595 2526 nvys.eo1.seyav0mssait
624 2413 729 2484 syonoe
750 2430 768 2467 o
790 2417 888 2469 nostre
912 2414 1051 2484 seignour
1075 2414 1102 2469 le
1127 2430 1179 2485 roy
1203 2412 1391 2485 Dengietiore

343 2500 494 2556 ovontdite
515 2519 553 2557 en
575 2506 669 2558 neuton
699 2502 822 2573 perolez
869 2501 924 2557 Jeo
956 2520 1034 2558 serre
1064 2503 1130 2558 seul
1143 2507 1173 2557 et
1195 2501 1261 2568 leel,
1291 2506 1322 2557 et
1351 2502 1392 2557 iei

342 2596 374 2644 ot
396 2590 483 2645 lenite
513 2595 649 2692 pontenay
686 2608 725 2646 uu
757 2609 811 2663 roy
842 2592 1032 2662 Dengleterre
1062 2590 1203 2647 Eduardo
1234 2596 1264 2645 ot
1295 2606 1313 2643 u
1344 2607 1391 2645 een

343 2677 449 2751 hoyren
472 2680 508 2735 do
529 2679 578 2735 vie
600 2684 631 2735 ot
664 2681 701 2735 de
731 2682 860 2736 membre
882 2686 914 2735 ot
936 2680 972 2735 de
994 2680 1119 2735 terrione
1142 2678 1256 2734 honour
1290 2683 1390 2734 eontne

343 2772 422 2824 toton
445 2773 532 2839 gentz
564 2786 620 2840 que
651 2774 778 2841 pun-ont
800 2769 883 2825 viver
914 2786 968 2824 oue
990 2768 1104 2825 morire.
1152 2770 1191 2823 Et
1209 2766 1305 2839 james
1335 2784 1391 2838 pur

342 2857 427 2930 nully
449 2874 544 2914 urmes
576 2877 614 2914 ne
647 2863 765 2931 portora
794 2876 833 2913 ne
863 2876 900 2913 on
935 2858 1061 2914 coneuile
1096 2876 1190 2913 neon
1216 2856 1289 2929 eyde
1312 2872 1390 2911 serre

342 2952 442 3002 oontre
473 2947 524 3020 luy
555 2965 593 3003 ne
623 2952 724 3003 oontno
754 2965 803 3003 oen
840 2946 937 3003 heines
974 2963 1031 3019 pur
1067 2948 1137 3003 nole
1173 2962 1221 3001 oue
1253 2962 1289 3016 qe
1323 2950 1392 3016 poet

342 3035 452 3100 evenir,
477 3041 508 3091 et
529 3036 668 3092 ieulment
689 3040 877 3110 reoonuetmy
898 3041 931 3092 et
952 3036 1092 3092 leolmont
1109 3035 1166 3091 frui
1188 3034 1232 3091 len
1255 3052 1390 3107 eervyoez

342 3122 374 3196 qi
414 3130 608 3196 apportenont
638 3142 671 3181 us
699 3130 865 3181 tenemento
905 3142 962 3197 que
1000 3123 1050 3195 joo
1089 3127 1200 3199 oleyme
1242 3128 1325 3179 tener
1355 3122 1391 3177 de

342 3230 427 3279 vous,
449 3214 475 3268 ei
497 3213 573 3269 Dion
596 3233 644 3270 me
664 3215 738 3287 eyde
760 3220 791 3271 et
822 3214 867 3271 len
889 3219 996 3285 seyntu.
1044 3215 1090 3270 Ein
1112 3212 1331 3284 teemoignunoe
1355 3210 1391 3266 de

343 3302 445 3373 quolez
468 3303 570 3359 ohoeen
593 3320 668 3359 noue
699 3321 799 3360 evomo
829 3303 884 3359 fuit
905 3302 978 3359 seire
1012 3310 1106 3360 oesten
1141 3305 1242 3358 lettres
1275 3306 1390 3357 ovortez

342 3389 379 3446 do
402 3410 458 3447 non
481 3393 580 3447 eoolou.
628 3393 694 3447 Don
717 3410 735 3447 o
758 3392 849 3449 Werk
882 3393 911 3447 le
933 3409 998 3447 xxv.
1028 3392 1097 3463 jour
1127 3391 1164 3447 de
1187 3389 1306 3446 Murohe
1341 3390 1391 3445 lon

342 3479 381 3533 du
402 3498 492 3552 regne
513 3486 613 3537 nostre
635 3480 786 3552 ueigniour
807 3480 933 3536 mund
954 3498 1008 3553 roy
1022 3482 1212 3552 Dengleterre
1227 3478 1321 3551 xxiiij.

384 3571 587 3638 3Οιὰἰιιιιιιὶι
601 3573 706 3659 igitur
720 3595 781 3638 rex
795 3573 833 3636 in
847 3572 1067 3660 parliamento
1090 3592 1149 3637 suo
1165 3572 1206 3637 de
1223 3569 1393 3655 Berwyk*
1406 3575 1511 3628 Ouli-

341 3693 464 3738 novum
497 3672 742 3741 thoeuururium
775 3674 871 3761 regni
910 3672 1038 3751 Sootiae‚
1070 3694 1195 3739 novum
1235 3671 1392 3757 sigillum,
1404 3640 1551 3759 §ffiffl'

341 3779 376 3839 et
418 3796 542 3840 novum
596 3774 837 3852 cancellarium,
881 3773 1148 3859 justiciurioeque
1198 3772 1389 3847 eonstituit;
1382 3773 1486 3825 datho
1501 3788 1560 3838 pur·

341 3881 375 3943 et
397 3877 553 3965 praeoepit
575 3882 615 3942 ut
637 3899 750 3943 omnes
773 3876 833 3962 qui
848 3882 953 3942 terroe
969 3876 1157 3963 aliquantae
1180 3876 1221 3941 de
1245 3876 1392 3941 domimo
1382 3820 1546 3959 iffi?

340 3980 428 4065 regis
458 3984 619 4057 tenerent,
653 3989 860 4055 voourentur,
892 3978 1147 4065 homagiumque
1170 3976 1326 4054 fecerent,
1358 3980 1393 4040 et

339 4081 451 4147 eaeteri
488 4103 601 4147 omnen
638 4086 792 4147 tenentes
839 4080 974 4146 oiiunde
1005 4080 1203 4146 fidelitatem
1237 4080 1392 4164 jurarent

339 4188 607 4269 reoognoseentee
629 4204 664 4248 ee
694 4203 754 4248 suo
788 4182 936 4249 dominio
970 4187 1094 4248 extunc
1128 4202 1197 4245 esse
1220 4178 1392 4263 subjectos.

341 4284 388 4350 Et
408 4286 480 4352 haeo
501 4307 560 4372 por
583 4286 708 4371 scripto
721 4283 928 4371 singulorum
951 4282 989 4347 in
1010 4286 1205 4369 perpetuam
1221 4279 1393 4365 conquesti

339 4388 539 4453 memorium.
585 4386 779 4473 statuitque
811 4406 871 4450 rex
903 4390 938 4449 et
961 4382 1121 4470 praeoepit
1150 4386 1192 4445 ut
1222 4380 1393 4445 Johunnee

372 4640 513 4692 ¹Heroon
522 4634 841 4704 bothmutginequor-mo
925 4632 1022 4683 ³iiore
1035 4631 1265 4698 onbothmurgins
1277 4631 1300 4684 ie
1315 4630 1393 4683 Ordi-

339 4720 488 4785 receptiouie
497 4717 608 4783 tumuit
623 4715 761 4767 Scotorum
891 4711 1168 4777 natioroyudereyno
1181 4712 1283 4763 Scoiioe.

373 4798 512 4864 ’Baliuss
522 4798 579 4849 ΜΒ.
926 4789 1142 4855 ⁴Berueb,MS.
