3625 5784
413 808 478 872 408
764 821 912 872 animer
936 818 1121 870 sasamon

414 1023 493 1096 quod
527 1021 663 1079 Gambria
694 1027 797 1079 contra
819 1041 886 1078 eum
910 1020 1032 1076 minime
1066 1019 1236 1085 rebellavit,
1270 1025 1379 1077 caetera
1412 1019 1467 1077 sibi

415 1113 487 1169 satis
511 1112 640 1168 infausta
662 1113 834 1168 extiterunt.
880 1113 918 1168 Iu
941 1110 1002 1168 suis
1024 1129 1130 1184 nempe
1152 1110 1323 1182 primordiis
1345 1111 1466 1166 Petrum

416 1203 562 1276 quendam
595 1201 631 1258 de
671 1193 837 1258 (lavistonl
867 1199 952 1272 eujus
982 1199 1163 1257 consortium
1195 1200 1356 1256 Edwardus
1392 1190 1468 1255 ille²

417 1297 538 1365 paterno
569 1291 655 1363 jussu
685 1290 882 1362 abjuraverat,
915 1291 952 1346 de
984 1289 1187 1346 transmarinis
1218 1290 1350 1362 partibus
1385 1307 1466 1345 revo-

418 1381 507 1447 cavit,
543 1381 665 1455 ejusque
698 1382 945 1453 contemplatione
969 1380 1128 1435 Isabellam
1151 1378 1287 1450 reginam
1321 1380 1467 1450 neglexit,

417 1487 552 1544 proceres
575 1488 642 1526 snos
665 1471 863 1544 parvipendit.
909 1470 1004 1539 Quam
1026 1470 1064 1524 ob
1086 1485 1150 1523 rem
1179 1474 1335 1540 magnates
1369 1468 1467 1541 indig-

417 1559 480 1616 nati
503 1561 600 1632 ipsum
623 1561 746 1616 Petrum
769 1578 861 1633 usque
885 1561 918 1615 in
940 1557 1115 1614 Hiberniam
1130 1558 1324 1630 propulerunt
1338 1558 1390 1612 ubi
1413 1549 1468 1614 et³

418 1651 548 1706 thesauri
579 1651 744 1706 transmissl
774 1651 944 1722 petulanter
967 1653 1037 1704 sunt
1059 1647 1217 1720 absumpti.
1267 1647 1382 1703 Deinde
1413 1649 1468 1704 snb

417 1758 469 1812 spe
503 1739 646 1796 uberioris
677 1739 756 1812 pacis
779 1739 991 1811 consequendae
1012 1738 1119 1794 Petrus
1143 1741 1298 1794 revocatus
1333 1741 1389 1802 est,
1415 1739 1468 1794 sed

415 1828 499 1900 regio
537 1835 571 1884 ut
608 1829 689 1902 prius
727 1829 866 1884 thesauro
912 1829 1080 1898 absumpto,
1116 1843 1250 1898 proceres
1296 1826 1467 1897 insurgunt,

416 1919 538 1973 Petrum
569 1937 587 1974 a
618 1936 690 1991 rege
718 1918 906 1990 dispergunt,
930 1933 1020 1990 equos
1043 1921 1074 1971 et
1097 1916 1249 1972 thesauros
1281 1907 1405 1972 eorum*
1436 1915 1468 1972 iu

416 2008 548 2079 partibus
582 2007 802 2064 Nerthumbrioe
825 2005 964 2079 capiunt3
997 2006 1120 2062 Petrum
1141 2005 1184 2062 sie
1206 2005 1386 2077 fugitantem
1407 1997 1468 2060 ad⁵

415 2101 545 2153 omnum
568 2097 604 2153 de
629 2085 819 2168 Soarbnrgh⁶
843 2095 990 2160 obsident,
1022 2101 1054 2151 et
1085 2095 1344 2167 comprehendunt.
1391 2095 1466 2150 'l'an-

416 2185 542 2258 demque
564 2186 642 2259 apud
672 2185 882 2242 Gaveressiohe
902 2182 988 2256 juxta
1009 2185 1211 2257 Warsvvyeum
1234 2184 1403 2256 decapitant
1436 2189 1466 2240 et

415 2275 560 2332 occidunt
607 2275 667 2332 Sed
701 2281 731 2330 et
764 2277 852 2346 Petro
887 2275 930 2330 sio
960 2273 1091 2330 extincto
1124 2291 1178 2329 rex
1215 2279 1249 2329 ut
1280 2275 1362 2345 prius
1399 2273 1466 2329 aliis

414 2364 546 2421 adhaesit.
593 2365 656 2435 Qua
679 2365 715 2421 de
738 2383 825 2420 causa
847 2363 1003 2420 concilium
1029 2362 1208 2436 provinciale
1230 2381 1284 2436 per
1305 2363 1466 2418 Robertum

415 2451 658 2510 Gantuariensem
689 2453 826 2526 cogitur3
861 2454 892 2508 in
920 2470 978 2526 quo
1010 2454 1105 2508 multa
1139 2452 1178 2508 ad
1207 2454 1290 2525 regis
1320 2453 1466 2526 regnique

414 2542 650 2600 informationem
685 2543 840 2600 salubriter
872 2549 941 2598 snut
968 2547 1096 2598 statuta:
1120 2542 1305 2614 adquorum
1328 2542 1464 2599 observa·

414 2634 524 2689 tionem
560 2639 591 2690 et
623 2634 687 2706 ipse
717 2633 848 2705 praestito
867 2631 1036 2704 juramento
1067 2631 1247 2704 subscripsit.
1292 2631 1465 2690 Benedictio

415 2740 530 2796 quoque
564 2722 686 2778 Roberti
709 2721 930 2778 Oantuarieusis
952 2720 1177 2778 observantibus
1209 2721 1274 2786 illa,
1296 2722 1465 2779 maledictio

415 2831 485 2870 vero
514 2810 731 2885 refragantibus
762 2811 931 2884 irrogatur;
967 2811 1020 2866 sed
1041 2829 1093 2866 rex
1116 2815 1150 2866 ut
1180 2827 1296 2883 semper
1329 2816 1360 2867 et
1392 2816 1463 2869 tunc

414 2905 474 2958 suis
506 2901 659 2958 adherens
696 2901 858 2958 fautoribus
895 2900 1054 2972 astipulata
1085 2899 1283 2972 pretermisit
1331 2899 1376 2957 Ob
1408 2902 1464 2958 hoo
1494 2972 1500 2980 ι

413 2981 653 3048 tumultuantur⁷
683 2991 856 3055 medioeres,
887 2988 1050 3045 frendent⁸
1072 2987 1198 3061 majores
1220 2993 1322 3046 contra
1359 3009 1463 3063 regem

413 3082 551 3156 regisque
575 3082 766 3146 collaterales,
784 3079 934 3153 potissime
957 3079 1020 3152 ipse
1042 3079 1286 3152 metropolitanus
1308 3079 1462 3136 Robertus

413 3170 539 3227 Thomas
570 3170 748 3226 lanceat-iae
778 3186 875 3225 comes
904 3168 999 3241 ipsius
1021 3167 1143 3223 Roberti
1164 3168 1311 3224 animatus
1343 3169 1464 3226 hortatu

413 3277 481 3316 oum
515 3259 570 3316 sibi
594 3259 811 3315 adhaerentibus
833 3276 886 3331 per
908 3259 1007 3330 plures
1029 3275 1122 3313 annos
1144 3261 1267 3314 conatus
1296 3262 1342 3314 est
1369 3259 1463 3330 regiis

413 3349 554 3404 obsistere
592 3347 722 3421 ineptiis,
761 3349 852 3404 donec
897 3346 1088 3404 novissimam
1125 3363 1214 3420 super
1252 3347 1306 3403 hoe
1342 3347 1461 3404 turbins

411 3437 522 3494 efflaret
544 3455 652 3493 auram.
698 3437 803 3493 Petras
839 3438 875 3493 de
910 3436 1054 3492 Gavistou
1087 3455 1142 3508 per
1173 3453 1309 3510 proceres
1342 3436 1462 3509 Angliat

411 3527 462 3583 aed
493 3532 595 3583 contra
632 3527 713 3598 regis
747 3528 931 3582 voluntatem
945 3565 952 3573 ·
968 3527 1068 3581 exulat
1105 3525 1136 3581 in
1174 3525 1349 3582 Hiberniam
1382 3528 1462 3584 circa

411 3615 599 3672 nativitatem
631 3615 724 3671 beatas
750 3617 862 3682 Maria,
886 3613 938 3670 sed
959 3633 1037 3672 anno
1059 3615 1192 3687 sequenti
1217 3620 1372 3672 revocatus
1395 3621 1457 3682 est;

410 3704 458 3762 eni
496 3708 623 3762 occurrit
659 3723 710 3759 rex
747 3705 825 3777 apud
863 3704 1018 3762 Oestriam.
1084 3704 1169 3761 Circa
1202 3706 1300 3760 natale
1349 3705 1460 3761 domiui

410 3795 516 3850 Petrus
539 3795 673 3851 exulatus
694 3800 740 3851 est
762 3813 854 3868 usque
878 3793 1049 3850 Flandriam
1071 3811 1124 3867 per
1138 3811 1293 3867 proceres,
1308 3794 1359 3850 sed
1381 3794 1460 3852 circa

409 3883 646 3941 Purifioatiouem
668 3885 761 3940 beatas
783 3884 886 3940 Mariae
909 3889 1011 3940 contra
1044 3883 1227 3940 voluntatem
1250 3901 1351 3940 eorum
1373 3902 1458 3940 revo-

408 3979 491 4030 catus
514 3979 584 4042 est3
609 3992 677 4030 eum
701 3991 759 4046 quo
780 3991 831 4030 rex
860 3973 1019 4046 aliqnando
1049 3991 1210 4046 peragrans
1230 3973 1310 4046 apud
1331 3979 1459 4030 castrum

408 4063 444 4119 de
480 4063 684 4136 Seardebnrgh
715 4062 837 4129 dimisit,
862 4080 949 4136 quem
971 4063 1090 4118 tandem
1114 4063 1265 4118 obsessum
1287 4068 1318 4118 et
1340 4067 1459 4136 captum

407 4139 499 4226 usque
518 4152 697 4226 Dadyngtou
716 4151 912 4218 deduxerunt,
929 4149 1053 4223 etjnxta
1066 4153 1269 4226 Wamvryoum
1280 4151 1459 4210 occiderunt.

439 4469 448 4506 ¹
468 4469 631 4531 ocemont,
642 4467 720 4536 Higd
991 4469 1003 4502 ⁸
1018 4469 1068 4537 od]
1086 4473 1163 4536 apud,
1173 4471 1254 4541 Higd.

439 4549 449 4582 ¹
466 4547 615 4600 Edwardas
626 4547 684 4615 ille]
699 4563 749 4598 om.
761 4545 840 4614 Higd.
991 4546 1002 4580 ⁶
1021 4548 1222 4618 Scardeatarpt,
1233 4554 1310 4621 Higd.

439 4628 450 4662 ⁸
465 4628 542 4680 Alter
552 4633 576 4678 at
590 4626 666 4694 Higd.
678 4628 741 4677 adds
752 4627 826 4694 regii.
989 4626 1001 4664 ²
1017 4628 1245 4692 maetam,
1255 4633 1333 4700 lligd

438 4707 448 4740 ⁴
466 4706 564 4775 rorum]
584 4721 653 4767 suos,
664 4705 742 4772 lligd.
991 4707 1176 4772 'frendebant
1188 4711 1265 4778 Higu
