3625 5784
413 867 478 932 352
750 885 901 934 -rrmurrcr
925 885 1112 934 uersuros

413 1069 502 1154 apud
517 1068 527 1108 ¹
544 1069 674 1135 Dovere
690 1091 733 1134 ex
756 1074 850 1156 parte
873 1070 1070 1136 occidentali
1088 1070 1147 1134 ubi
1162 1071 1256 1136 nulla
1278 1069 1346 1135 fuit
1360 1071 1466 1158 appli-

413 1171 510 1234 candi
555 1172 696 1256 suspicio
741 1193 809 1258 prae
847 1172 1064 1237 multitudine
1102 1171 1251 1258 lapidum
1296 1189 1332 1238 et
1375 1174 1468 1260 rupis

413 1273 557 1338 excelsae.
611 1273 806 1360 Egressique
837 1279 917 1338 sunt
943 1273 1120 1338 bellatores
1142 1273 1315 1338 fortissimi
1338 1275 1468 1340 circiter

244 1385 398 1438 TheFrench
413 1395 468 1438 xv,
499 1375 604 1440 millia
633 1375 814 1456 hominum,
845 1381 880 1440 et
910 1376 1168 1462 exploraverunt
1193 1375 1396 1441 Deverniam
1427 1377 1470 1442 ab

244 1453 377 1584 ξθὲτξζᾷω
412 1473 495 1540 hora
517 1477 624 1562 prima
646 1499 749 1562 usquc
772 1477 839 1542 fere
862 1499 1043 1562 vesperam,
1066 1477 1279 1542 incendentes
1302 1499 1375 1543 eam
1397 1479 1468 1565 igni

243 1585 389 1647 percolere
413 1599 472 1664 pro
495 1601 615 1666 magma
637 1585 741 1665 parte,
765 1601 905 1666 cumque
927 1581 965 1644 in
995 1581 1146 1667 ingressu
1168 1601 1283 1645 eorum
1305 1581 1469 1668 fugissent

245 1659 320 1700 town.
413 1681 536 1758 incolae,
575 1683 714 1768 dispersi
752 1689 831 1747 sunt
864 1705 978 1748 ornnes
1012 1684 1261 1762 conclamantes,
1296 1683 1467 1769 ejulantes,

412 1783 599 1868 conglobati
631 1789 711 1850 sunt
748 1783 865 1848 incolae
903 1785 1129 1870 compatriotae
1164 1790 1198 1850 et
1229 1786 1468 1850 concurrebant

412 1885 535 1949 milites
568 1885 625 1970 qui
658 1905 770 1950 curam
803 1885 905 1950 maris
938 1885 1115 1964 habebant,
1146 1885 1198 1950 ita
1228 1887 1318 1971 quod
1351 1887 1466 1952 eedem

412 1987 465 2051 die
488 1987 582 2072 quasi
605 1987 685 2052 hora
708 1987 753 2071 xj.
776 1985 886 2050 hostes
910 1987 1055 2073 aggressi
1078 1992 1157 2051 sunt
1183 1987 1338 2065 animose,
1360 1989 1469 2053 cresis·

243 2101 381 2178 meinha-
412 2109 475 2172 que
513 2088 606 2173 quasi
639 2109 669 2152 v.
702 2085 873 2152 millibus²
894 2088 1039 2172 reliquos
1069 2088 1107 2152 in
1129 2093 1240 2174 partes
1271 2088 1467 2167 diviserunt,

244 2171 346 2299 fflflmffi
412 2187 545 2273 quidam
570 2188 659 2252 enim
682 2187 839 2274 fugerunt
861 2188 897 2251 in
920 2193 1056 2274 segetes,
1079 2189 1137 2273 qui
1159 2194 1275 2274 postea
1296 2188 1468 2254 caedeban-

242 2302 354 2350 nsranu
411 2295 469 2353 tur
490 2289 533 2354 ab
556 2289 679 2366 incolis,
704 2295 738 2353 et
757 2289 866 2353 caeteri
885 2289 943 2374 qui
964 2294 1119 2374 poterant
1145 2289 1280 2374 navigio
1300 2289 1463 2375 fugerunt.

242 2369 383 2484 ffiffl
412 2390 563 2476 Triginta
600 2397 712 2456 autem
750 2391 814 2454 viri
862 2389 1033 2455 fortissimi
1069 2397 1264 2476 receperunt
1301 2413 1336 2456 se
1373 2392 1461 2457 infin

411 2492 557 2558 clausum
595 2493 762 2558 abbathiae
797 2493 1023 2557 strenuissime
1060 2497 1248 2578 pugnantes
1286 2513 1390 2578 usque
1426 2495 1464 2558 in

410 2617 600 2682 vesperum3
631 2598 679 2660 ita
709 2595 797 2680 quod
827 2593 913 2658 nihil
951 2595 998 2658 eis
1029 2615 1144 2659 necere
1174 2599 1330 2681 poterant
1359 2596 1464 2661 nostri

410 2699 603 2764 obsidentes.
650 2697 801 2784 Cumque
832 2697 868 2760 irr
893 2697 1036 2782 vesperis
1058 2697 1163 2760 nostri
1189 2697 1359 2774 remissius
1387 2719 1463 2784 age-

409 2806 484 2866 rent
517 2807 551 2865 et
581 2799 680 2864 multi
714 2803 959 2864 reverterentur
990 2799 1032 2863 ad
1064 2799 1204 2884 propria,
1236 2799 1301 2885 ipsi
1335 2821 1464 2885 quoqne
1560 2803 1564 2811 ’

243 2909 318 2958 Some
330 2909 361 2958 of
410 2901 529 2988 dilapsi
552 2907 631 2967 sunt
654 2923 729 2968 curn
745 2900 873 2966 duabus
889 2900 1020 2986 scaphis
1041 2901 1215 2986 fugientes.
1249 2900 1347 2980 Quod
1366 2923 1462 2967 mane

241 2975 549 3106 ἑξξξῖξζξιῗοοὸηιὶιο,
582 3004 738 3069 insecutae
773 3008 853 3068 sunt
890 3023 945 3067 eos
976 3001 1050 3067 duee
1080 3023 1210 3088 magnae
1243 3025 1353 3081 naves,
1388 3025 1463 3089 quae

244 3109 347 3167 vessels,
409 3105 483 3169 vela
505 3105 653 3170 levantes
680 3103 716 3168 in
747 3104 854 3168 altum
877 3103 1014 3189 scaphas
1036 3123 1112 3169 cum
1137 3104 1287 3168 hostibus
1317 3104 1463 3169 submer-

240 3174 344 3222 andara
658 3207 665 3220 .
903 3205 910 3220 ,
993 3207 1000 3220 ,
1152 3205 1159 3219 ,
1248 3205 1257 3220 ,
1331 3206 1338 3218 ‚

241 3240 349 3300 pureueu
409 3212 531 3272 serunt.
579 3207 621 3270 In
655 3226 727 3292 rpso
761 3210 874 3270 autem
901 3210 1043 3270 rutrortu
1073 3205 1219 3270 bostrum
1246 3225 1281 3268 nr
1305 3205 1387 3269 vrlla
1420 3205 1462 3269 de

238 3306 288 3352 ’Μ
301 3305 343 3354 ⁶²·
406 3303 536 3374 Devere
552 3309 739 3373 ceciderunt
755 3329 796 3372 ex
815 3307 937 3372 nostris
956 3307 1026 3392 xiij.
1042 3307 1109 3371 viri
1124 3313 1158 3372 et
1172 3328 1259 3370 nnus
1272 3307 1461 3372 menachus.

240 3371 347 3434 ΜΝ·
408 3409 474 3475 Hic
506 3409 637 3494 quidem
670 3408 852 3474 monachus
875 3409 1002 3474 caeteris
1025 3409 1094 3472 suis
1116 3407 1274 3472 fratribus
1306 3407 1343 3471 in
1373 3429 1461 3474 eam-

406 3511 518 3598 panile
541 3510 684 3576 eeclesiae
707 3533 741 3575 se
765 3510 1000 3596 recipientibus
1031 3533 1106 3575 eum
1128 3510 1271 3575 orationi
1294 3516 1459 3588 vacarent,
1472 3518 1557 3582 Taya·
1570 3523 1623 3571 eor.

406 3614 443 3676 in
477 3612 611 3678 eeclesia
643 3611 697 3676 dei
730 3633 839 3676 coram
874 3612 947 3697 ipso
979 3611 1077 3676 altari
1110 3609 1297 3676 trucidatus
1331 3617 1391 3689 est,
1424 3587 1547 3676 et2⁵⁰⁴'

407 3713 602 3800 optulerunt
635 3734 709 3778 eum
742 3714 804 3778 deo
835 3712 1031 3778 sacrificium
1061 3713 1273 3777 matutinum.
1320 3712 1459 3777 Interim

406 3815 486 3880 dum
525 3814 606 3880 teliu
644 3819 822 3900 agerentur
858 3815 895 3878 irr
928 3815 1052 3900 Anglia
1090 3814 1318 3878 discurrebant
1354 3813 1460 3878 literae

406 3917 495 3982 inter
510 3917 643 4006 regem³
662 3917 809 3982 Franciae
826 3922 860 3980 et
874 3917 1072 4002 praedictum
1089 3915 1249 3980 Thomam
1264 3913 1460 3999 Turbcvyle,

237 4039 379 4154 Turbevpre
406 4019 442 4082 in
474 4020 595 4105 quibus
617 4019 779 4084 excitavit
802 4017 945 4083 Francos
967 4024 1007 4081 ut
1028 4017 1131 4082 robur
1153 4016 1317 4082 exercitus
1346 4019 1461 4082 mitte·

237 4113 369 4222 ffiff
406 4127 481 4186 rent
514 4121 551 4185 irr
583 4121 730 4187 Scotiam
764 4120 826 4183 sub
857 4141 916 4204 spe
947 4119 1009 4182 tali
1040 4123 1075 4183 et
1105 4123 1203 4194 certa,
1240 4118 1330 4202 quod
1367 4117 1458 4183 Scoti

237 4236 337 4302 ningen
406 4227 521 4288 eontra
561 4243 672 4308 regem
717 4219 848 4306 Angliae
896 4219 1109 4296 debellarent,
1153 4219 1312 4304 adjiciens
1357 4219 1459 4284 etiarn

236 4305 392 4421 fflstffl
406 4323 495 4410 quod
524 4325 678 4390 deminus
709 4322 904 4388 Edmundus
926 4321 1031 4386 frater
1064 4321 1152 4407 regis
1182 4325 1217 4386 et
1246 4343 1354 4406 comes
1383 4341 1459 4388 eum

234 4435 303 4486 land.

437 4623 445 4656 ²
463 4624 531 4674 Herc
538 4638 572 4672 ou
580 4621 644 4672 both
653 4619 765 4685 margins
775 4617 796 4668 is
807 4617 909 4668 Classis
930 4620 938 4732 Ι
988 4615 1000 4648 ²
1015 4615 1140 4667 militibus
1149 4617 1234 4666 added
1244 4617 1307 4668 here
1318 4616 1345 4667 iu
1356 4617 1413 4667 MS.

405 4701 526 4752 Francia
537 4699 663 4768 applicuit
675 4697 746 4764 apes
758 4697 868 4748 Docere.
929 4735 937 4762 ,
988 4694 999 4728 ⁸
1016 4695 1109 4763 recem]
1130 4711 1182 4746 em.
1193 4696 1249 4746 Ms.
