3625 5784
601 894 873 946 Lst'cns‘rnsn'sls
895 894 1108 945 ennomcos.
1336 879 1373 940 ll

320 1091 428 1147 ucriter
461 1090 605 1148 dimicans
636 1098 671 1147 ut
702 1110 763 1163 prae
795 1092 967 1148 lassitudine
1004 1097 1128 1164 uterque
1162 1090 1306 1148 exercitus
1339 1090 1377 1144 sb

320 1179 450 1236 invicem
485 1179 655 1246 discederet,
679 1186 710 1236 et
742 1182 841 1237 Dsnos
872 1182 904 1236 in
938 1183 1066 1238 crsstino
1101 1179 1274 1236 Edmundus
1307 1196 1375 1251 pro·

321 1269 464 1337 trivisset,
497 1270 548 1326 sed
570 1270 660 1326 salsus
693 1269 816 1326 bidricus
847 1276 937 1344 ceput
968 1270 1121 1343 enjusdam
1152 1268 1241 1326 occisi
1271 1267 1377 1324 militis

323 1357 470 1414 simillimi
493 1359 621 1416 ostendit
643 1359 783 1416 exercitui
798 1359 907 1427 dicens,
932 1362 950 1386 ‘⁶
964 1360 1072 1432 Fugite
1087 1359 1190 1432 Angli,
1208 1376 1275 1415 ecoe
1289 1361 1379 1430 ceput

326 1449 344 1472 ‘¹
371 1446 482 1505 domini
496 1449 587 1504 vestri
610 1449 777 1516 Edmundi5
793 1450 809 1473 ’'
844 1455 874 1506 et
897 1449 1072 1506 Edmundue
1093 1448 1161 1518 [hoc
1182 1437 1376 1519 regnoscens]l

324 1537 419 1593 uerius
436 1536 527 1595 instet
541 1555 633 1611 usque
647 1537 685 1595 sd
700 1543 829 1605 noctem
847 1535 979 1595 (lenutus
995 1529 1077 1609 [ἀεὶ]2
1092 1543 1176 1594 nocte
1195 1536 1378 1592 Londoninm

324 1626 439 1694 tendit3
465 1627 638 1683 Edmuudus
669 1633 791 1700 etergo
814 1628 956 1700 sequitur,
979 1629 1081 1683 urbem
1113 1627 1218 1683 liberet
1240 1631 1270 1682 et
1300 1625 1379 1699 opud

325 1715 500 1773 Brentforde
533 1716 612 1772 Deni
644 1717 753 1772 iterum
786 1717 953 1773 vincuntur.
999 1718 1082 1773 'luno
1113 1716 1238 1774 ildricus
1265 1714 1379 1788 juravit

325 1805 497 1862 fidelitctem
527 1805 691 1862 Eldmundo.
737 1807 777 1862 Et
808 1806 981 1863 Edmundus
1004 1812 1108 1879 qnsrto
1140 1807 1237 1862 Denos
1270 1805 1379 1862 devicit

325 1894 403 1968 apud
426 1884 592 1952 Sitelorde8
614 1895 647 1950 in
668 1895 791 1962 Kcntie,
808 1900 839 1951 et
852 1913 946 1969 usque
963 1897 1002 1952 sd
1023 1897 1151 1953 insulem
1174 1896 1211 1951 de
1230 1895 1378 1968 Schepeye

325 1984 503 2056 profugerit.
548 1983 617 2040 Hiis
639 1984 759 2041 etsliis
781 1986 884 2041 multis
907 1985 1057 2042 intereos
1079 1987 1122 2042 ite
1152 1984 1253 2056 gestis,
1276 2001 1378 2040 secun·

326 2071 397 2130 dum
420 2073 574 2130 consilium
598 2072 699 2130 Edrici
721 2065 894 2130 obsidibus⁴
916 2075 987 2131 binc
1009 2073 1078 2130 inde
1112 2074 1188 2130 dctis
1210 2092 1267 2148 psx
1300 2074 1379 2129 inter

325 2179 410 2234 reges
430 2163 587 2220 reformate
608 2163 700 2220 estin
720 2163 786 2238 ripe
810 2156 967 2238 Saprinae⁶
989 2163 1068 2238 apud
1090 2153 1257 2220 Dorburet.⁶
1300 2163 1378 2220 Nem

326 2251 452 2309 surrexit
473 2252 593 2326 quidem
616 2253 701 2309 miles
723 2252 755 2309 in
778 2253 875 2310 medio
897 2253 999 2310 dicens
1022 2254 1054 2310 in
1076 2255 1155 2310 hunc
1177 2253 1314 2310 modum:

372 2342 541 2413 “Quotidie
564 2343 715 2409 morimur,
740 2343 791 2400 sed
813 2344 914 2399 nullus
935 2342 1048 2411 vincit;
1073 2342 1254 2400 invincibilis
1276 2340 1379 2415 utique

328 2431 347 2458 ‘⁴
371 2435 416 2488 est
449 2437 571 2504 uterque
608 2451 679 2500 rex;
704 2437 734 2489 et
767 2431 856 2504 hujus
894 2433 1029 2490 continui
1065 2431 1243 2490 discriminis
1279 2432 1380 2488 nullus

327 2523 346 2548 “
371 2525 463 2578 restet
497 2522 610 2578 fructus
631 2522 690 2578 niei
713 2526 747 2577 ut
770 2521 853 2578 cesis
884 2523 1038 2595 utriusque
1059 2522 1204 2579 exercitus
1235 2520 1380 2578 militibus

326 2612 346 2636 ‘¹
372 2611 459 2667 duces
481 2611 601 2667 tandem
633 2611 806 2668 necessitute
829 2612 922 2668 coacti
944 2617 1121 2685 component
1143 2614 1191 2668 vel
1224 2617 1302 2668 certe
1324 2609 1379 2666 soli

327 2701 347 2726 “
371 2705 511 2773 pugnent
557 2699 652 2770 Quare
674 2699 768 2771 igitur
789 2717 882 2756 unum
905 2702 1029 2759 istorum
1051 2720 1111 2758 non
1134 2701 1220 2758 modo
1242 2700 1378 2758 fecinntl

328 2790 348 2816 ‘⁶
372 2790 413 2846 Et
449 2789 474 2844 si
511 2794 699 2863 component,
737 2807 826 2862 quere
864 2810 923 2847 non
968 2791 1092 2848 sufficiet
1126 2791 1213 2848 modo
1255 2807 1380 2862 regnum

328 2879 348 2904 ‘⁶
372 2879 486 2936 duobus
508 2879 595 2936 solito
617 2879 792 2953 locupletius
815 2879 892 2954 quod
918 2880 990 2937 olim
1013 2899 1040 2939 v.
1063 2878 1183 2952 regibus
1205 2877 1379 2935 satisfuit?

329 2969 347 2994 ‘⁴
371 2968 454 3039 Quod
484 2969 509 3024 si
532 2973 614 3026 tenta
648 2969 687 3024 sit
717 2969 750 3024 in
779 2970 822 3025 eis
853 2969 1024 3026 dominandi
1056 2969 1156 3034 libido,
1190 2974 1225 3024 ut
1259 2973 1380 3039 uterque

328 3059 348 3085 ‘⁴
374 3057 548 3131 dedignetur
578 3075 644 3114 enm
675 3057 733 3113 elio
764 3063 877 3131 purtem
911 3060 1018 3116 hebere
1051 3063 1107 3116 eut'
1135 3058 1222 3114 elteri
1253 3057 1379 3123 subesse,

329 3149 349 3175 “
374 3152 445 3204 tunc
466 3153 601 3220 pugnent
624 3147 679 3204 soli
702 3147 754 3220 qui
776 3149 831 3204 soli
855 3150 980 3221 eupiunt
1001 3147 1156 3216 dominari,
1171 3165 1210 3205 ne
1231 3147 1258 3204 si
1280 3164 1381 3204 omues

330 3238 350 3262 “
374 3241 519 3309 pugnent,
559 3236 694 3293 omnibus
732 3235 904 3305 interfectis,
937 3238 999 3294 sint
1031 3256 1091 3296 non
1124 3237 1235 3295 milites
1275 3237 1380 3310 quibus

329 3329 349 3352 ‘⁶
374 3327 461 3383 duces
493 3326 638 3399 imperent
668 3344 722 3382 nec
745 3327 806 3383 sint
829 3328 879 3400 qui
913 3327 1051 3384 sdversus
1074 3332 1224 3385 extraneos
1255 3326 1381 3400 petrium

330 3417 350 3442 “
374 3416 561 3474 defendent.”

374 3505 624 3562 Oonrenientrbus
662 3506 755 3577 igitur
787 3506 865 3578 spud
903 3506 1030 3563 insulem
1066 3507 1103 3562 de
1151 3507 1263 3580 Ohreye
1295 3505 1382 3579 juxte

330 3593 517 3652 Glorernism
539 3595 671 3667 utrisque
693 3594 871 3652 exercitibus
894 3596 1074 3652 ecolcmetur
1096 3615 1114 3653 e
1136 3597 1260 3662 cunctis,
1286 3597 1304 3622 “
1317 3597 1382 3652 Aut

332 3687 351 3710 “
375 3689 551 3758 componunt
562 3689 613 3741 eut
625 3684 680 3739 soli
690 3685 853 3757 pugnent.”
891 3685 1082 3743 Oooorrentes
1091 3684 1183 3757 igitur
1197 3687 1283 3742 ambo
1297 3703 1382 3758 reges

330 3774 436 3848 populo
471 3773 541 3830 hinc
572 3772 640 3830 inde
678 3778 839 3846 spectante,
874 3774 970 3848 primo
1004 3777 1036 3830 in
1068 3777 1160 3848 equis,
1195 3775 1382 3848 postmodnm

330 3863 452 3936 pedibus
485 3869 632 3920 commen
667 3862 791 3931 ineunt;
815 3869 846 3920 et
877 3881 946 3920 oum
983 3865 1115 3922 Ocnutus
1149 3865 1291 3938 comperit
1322 3864 1382 3922 ud-

330 3953 473 4009 mundum
508 3951 711 4010 invincibilem
742 3952 778 4008 de
799 3953 884 4025 regni
919 3954 1074 4028 participio
1106 3956 1263 4028 componit.
1308 3953 1383 4011 Inde

330 4041 468 4116 projectis
490 4041 580 4098 umis
602 4047 694 4098 ruunt
716 4043 748 4098 in
771 4045 869 4099 osculo
891 4044 1089 4100 exultantibus
1111 4045 1233 4100 cunctis

377 4135 445 4200 Iste
478 4134 673 4200 Edmundus
710 4135 828 4221 genuit
866 4135 1079 4202 Edmundum
1113 4143 1148 4203 et
1180 4136 1382 4203 Edwsrdum
1394 4149 1536 4217 Familyof

333 4237 473 4304 nomine.
527 4235 724 4301 Edmundus
746 4257 776 4301 v.
800 4257 888 4304 anno
918 4238 1012 4324 regni
1044 4239 1096 4304 sui
1126 4239 1218 4324 apud
1247 4238 1382 4305 Glover·
1395 4219 1518 4335 ffiffl

365 4402 372 4435 ¹
389 4403 465 4454 From
480 4402 529 4463 A,;
548 4417 675 4467 ayt-m,
686 4400 744 4452 MS
882 4389 941 4440 inde
951 4391 1013 4441 with
1024 4407 1058 4442 cn
1069 4390 1183 4457 illegible
1195 4391 1268 4441 word
1279 4390 1345 4442 ulter
1354 4391 1384 4451 it,

363 4480 516 4535 ²0nr.Ms.
882 4471 1095 4523 undthendctie.
1129 4471 1237 4521 1th
1247 4470 1320 4520 looks
1330 4469 1383 4521 like

363 4557 607 4626 loecfforffligd,
882 4548 1015 4600 obsidibus
1038 4547 1097 4598 inde
1119 4546 1178 4598 linc
1205 4547 1282 4613 idque
1304 4547 1383 4600 datie.

364 4641 374 4670 ⁴
389 4638 421 4689 ln
439 4638 502 4690 botb
518 4639 574 4689 MS.
592 4639 644 4688 ond
661 4637 695 4688 A.
712 4636 756 4690 the
774 4642 830 4689 text
883 4630 938 4680 The
960 4636 1015 4681 text
1036 4627 1059 4678 is
1081 4627 1156 4697 giren
1178 4627 1205 4678 in
1228 4629 1384 4681 seoordnnoe

333 4717 433 4770 isbere
455 4731 516 4784 very
534 4715 674 4767 indistinct.
717 4717 749 4766 In
771 4715 830 4768 MS.
883 4707 945 4760 with
955 4708 1066 4775 Higden.

332 4795 396 4847 alter
406 4795 537 4848 obsidete
554 4795 688 4846 iswritten
705 4794 788 4845 ebore
806 4794 832 4844 in
857 4798 859 4849 ἱ
918 4788 928 4820 ⁵
949 4787 1080 4856 Sporinoe,
1092 4787 1150 4841 MS.

333 4890 349 4925 s
367 4876 432 4927 letor
449 4875 519 4928 bend
536 4872 606 4924 linc.
640 4873 714 4925 Tben
733 4871 832 4924 follows
919 4866 1073 4927 ‘Debent
1083 4865 1141 4921 MS.
