3625 5784
430 856 494 918 138
778 873 926 924 sasaim
950 873 1133 924 nniourou

258 1067 340 1130 Mwy
351 1065 418 1116 have
429 1065 493 1126 tur.
548 1058 649 1126 Multi
672 1061 794 1147 quippe
818 1061 855 1125 in
877 1066 1024 1148 tempore
1056 1060 1148 1127 illius
1172 1061 1308 1129 Patricii
1341 1062 1481 1150 ingressi

258 1133 383 1249 ἓξὲξ
429 1167 509 1227 sunt
553 1168 587 1227 et
626 1164 771 1250 regressi,
810 1169 982 1229 narrantes
1020 1186 1135 1251 poenas
1175 1169 1209 1229 et
1245 1165 1368 1250 gaudia
1406 1186 1481 1250 quae

258 1266 401 1331 whatthey
429 1265 591 1343 viderant,
629 1288 703 1351 quae
741 1273 774 1332 et
813 1265 920 1332 literis
953 1267 1076 1333 ibidem
1110 1267 1361 1334 demandantur.
1408 1268 1483 1349 Qua

258 1348 318 1386 Μ’
430 1369 596 1433 occasione
628 1368 727 1433 multi
762 1375 843 1434 tunc
864 1370 909 1434 ad
931 1369 1030 1434 fidem
1063 1371 1360 1449 convertebantur3
1382 1370 1481 1435 multi

257 1485 403 1564 mmm
430 1490 559 1555 quoque
604 1469 815 1534 intraverunt
861 1471 920 1556 qui
965 1491 1129 1555 nusquam
1180 1470 1369 1536 redierunt:
1392 1470 1482 1536 locus

257 1553 384 1668 fficps
428 1579 541 1638 autem
572 1578 711 1638 vocatur
741 1573 971 1658 purgatorium
1005 1573 1152 1651 Patrieii,
1176 1573 1318 1650 ecclesia,
1353 1573 1481 1660 Regles.

256 1691 405 1750 purgatum.
429 1675 525 1740 Nulli
540 1676 722 1762 imponitur
745 1682 784 1740 ut
802 1674 910 1740 locum
934 1676 1037 1740 intret
1052 1675 1110 1740 sed
1133 1675 1245 1761 pocius
1261 1677 1296 1740 in
1319 1676 1482 1762 principio

428 1779 638 1844 dissuadetur
674 1777 738 1841 sibi
776 1778 962 1863 ingressus3
986 1776 1074 1862 quod
1108 1777 1137 1841 si
1171 1778 1304 1843 omnino
1337 1777 1481 1845 voluerit

255 1905 372 1957 Praimi·
426 1881 560 1958 intrare,
571 1877 717 1946 accedit¹
733 1879 840 1964 primo
851 1880 894 1943 ad
904 1879 1093 1965 episcopum
1108 1877 1180 1956 loci,
1196 1878 1254 1963 qui
1271 1876 1479 1964 ingressum²

255 1972 407 2091 mriteptos
427 1982 613 2047 dissuadet:
646 1981 704 2044 sed
734 1980 959 2065 perseveranti
999 1980 1034 2043 in
1068 1979 1129 2044 tali
1165 1980 1332 2066 proposito
1365 1979 1479 2046 literas

253 2056 397 2172 diiiplice,
426 2085 530 2149 tradit
553 2090 592 2147 ut
620 2081 683 2148 loci
713 2083 855 2168 priorem
878 2083 985 2148 adeat.
1032 2081 1098 2162 Qui
1121 2081 1274 2146 similiter
1295 2083 1480 2169 ingressum

425 2185 604 2260 dissuadet,
637 2182 809 2259 hortando,
844 2187 883 2247 ut
915 2182 1014 2246 aliam
1046 2183 1281 2268 poenitentiam
1314 2189 1480 2266 assumat3

424 2289 513 2374 quod
535 2288 564 2350 si
586 2289 785 2372 perseverat,
807 2285 991 2350 introducit
1014 2307 1090 2350 eum
1113 2286 1149 2348 in
1173 2285 1340 2351 ecclesiam
1364 2291 1402 2350 ut
1421 2308 1477 2352 xv.

424 2391 540 2456 diebus
573 2388 710 2474 jejuniis
748 2393 783 2451 et
820 2387 1025 2451 orationibus
1059 2385 1238 2473 indulgeat.
1285 2386 1365 2452 Post
1395 2409 1477 2472 quos

252 2517 334 2580 Many
423 2492 590 2558 hominem
613 2489 839 2556 communione
873 2490 1041 2554 munitum
1065 2489 1219 2575 producit
1242 2510 1316 2553 cum
1348 2510 1476 2575 proces·

252 2581 413 2698 PPJW³⁰⁰⁸
424 2597 515 2662 sione
552 2599 587 2660 et
624 2592 748 2658 letania
784 2613 888 2676 usque
926 2591 970 2656 ad
1004 2591 1149 2657 hostium
1186 2591 1379 2677 purgatorii,
1417 2593 1476 2658 ubi

251 2665 354 2781 didius
424 2699 527 2765 eciam
561 2695 730 2760 dissuadet
752 2695 873 2758 iterum
905 2695 1111 2780 ingressum;
1133 2692 1191 2758 sed
1214 2694 1243 2758 si
1274 2701 1471 2779 perseverat,

250 2780 347 2899 ξὴῖξῖξτ
423 2801 568 2866 hostium
592 2800 623 2863 ei
645 2819 720 2863 cum
742 2796 972 2862 benedictione
995 2797 1112 2882 aperit,
1136 2801 1170 2860 et
1193 2802 1269 2882 post
1291 2795 1474 2882 ingressum

347 2886 353 2900 ⁵
418 2904 566 2971 hostium
588 2901 762 2986 consignat
784 2920 888 2984 usque
925 2899 962 2962 in
984 2899 1072 2964 diem
1095 2898 1255 2964 alterum:
1277 2918 1374 2963 mane
1409 2921 1473 2984 quo

418 3007 626 3082 adveniente,
660 3004 749 3089 prior
779 3001 808 3065 si
839 2999 1005 3065 hominem
1040 2999 1216 3079 invenerit,
1238 3021 1313 3066 oum
1346 2999 1474 3086 protes-

419 3111 510 3176 sione
532 3109 569 3173 in
591 3106 761 3173 ecclesiam
795 3103 896 3182 ducit,
922 3102 981 3168 ubi
1003 3100 1078 3168 aliis
1100 3125 1156 3168 xv.
1180 3101 1296 3168 diebus
1325 3102 1473 3189 jejuniis,

418 3211 624 3279 orationibus
646 3206 811 3272 intendit:
833 3205 903 3271 haec
926 3205 981 3270 ibi.

248 3336 358 3399 stephan
371 3350 388 3385 a
463 3315 533 3379 Iste
556 3309 746 3397 Stephanus
768 3308 837 3372 fuit
858 3307 948 3372 filius
972 3305 1109 3372 ducissae
1133 3305 1173 3370 de
1208 3303 1592 3396 Bledens³filiae1eycsa

248 3404 377 3517 ffim
417 3414 577 3482 willelmi
604 3411 836 3499 conquestoris.
883 3409 951 3490 Qui
974 3409 1088 3474 statim
1120 3414 1357 3494 postmortem
1379 3415 1472 3476 ante-
1487 3389 1587 3438 mm·
1805 3431 1806 3484 i

248 3485 405 3598 Condamus.
418 3519 500 3584 dicti
534 3514 672 3582 Henrici
703 3513 796 3578 venit
829 3512 866 3575 in
888 3510 1046 3598 Angliam
1080 3531 1154 3575 cum
1187 3509 1306 3596 grandi
1340 3509 1472 3576 fortitu·
1805 3487 1806 3550 i

246 3624 382 3678 nesam
418 3621 505 3699 dine,
527 3624 562 3683 et
591 3639 626 3684 se
662 3615 800 3679 intrusit
821 3617 938 3680 contra
965 3613 1192 3698 juramentum
1226 3612 1314 3696 quod
1348 3611 1473 3678 fecerat

246 3692 378 3825 {ffim
419 3721 552 3788 Matildi
588 3717 799 3805 imperatrici,
837 3721 871 3782 et
902 3715 1027 3802 injuste
1064 3737 1099 3780 se
1136 3714 1284 3782 coronari
1315 3714 1403 3794 feeit,
1438 3719 1472 3780 et

246 3852 274 3901 1.
283 3847 399 3915 engaged
419 3823 573 3912 regnavit
608 3843 688 3886 rex:
720 3825 755 3885 et
788 3824 860 3884 toto
891 3823 1039 3904 tempore
1070 3823 1248 3905 occupatus
1282 3816 1319 3880 in
1351 3837 1472 3904 magna

245 3917 405 3967 ³⁰⁰⁰¹²⁸¹⁸¹¹²
417 3949 546 4017 guerra,
568 3946 646 3990 nam
668 3923 727 3988 illa
749 3943 868 4010 guerra
890 3920 1032 3988 crudelis
1055 3927 1127 3985 erat
1148 3919 1300 3998 multum,
1317 3924 1351 3984 et
1373 3919 1470 3985 dura-

245 3999 403 4114 ffl'ffl,
417 4031 470 4096 vit
491 4027 571 4114 xvij.
594 4026 692 4092 annis
722 4031 758 4091 et
789 4023 902 4088 finivit
924 4043 1043 4108 guerra
1075 4013 1163 4088 anno
1186 4021 1302 4108 gratiae
1334 4037 1468 4086 moiun.

244 4142 347 4194 Discat
417 4133 466 4199 Eo
503 4131 592 4218 quod
627 4128 740 4194 eodem
771 4147 860 4192 anno
893 4125 963 4210 viij.
1009 4123 1139 4190 kalend.
1176 4123 1373 4189 Novembris
1409 4145 1470 4188 rex

244 4210 353 4260 Em*
416 4233 605 4320 Stephanus
637 4231 731 4295 miles
763 4233 918 4293 strenuus
952 4231 1103 4290 mortuus
1126 4229 1184 4303 est,
1218 4229 1252 4290 et
1284 4224 1468 4290 tumulatus

244 4276 312 4326 mm
413 4336 503 4424 apud
544 4330 760 4400 Faverisham.
808 4327 853 4392 Et
898 4326 1068 4394 sciendum
1113 4331 1163 4392 est
1207 4327 1296 4412 quod
1342 4325 1468 4392 decimo

445 4673 454 4706 ¹
472 4669 584 4729 accedet,
594 4667 627 4717 rin
996 4653 1006 4688 ¹
1023 4653 1141 4718 Blaene,
1153 4657 1187 4706 A.

444 4745 623 4814 ’iepram
643 4757 690 4808 pro
712 4740 836 4807 ingressu,
855 4735 915 4788 MS.

412 4831 463 4882 and
475 4830 508 4879 Δ.
