3625 5784
616 886 888 938 nurcmaanuffls
910 887 1121 938 osaosrcos.
1329 877 1391 940 119

338 1093 442 1155 matus,
466 1087 538 1144 dum
571 1087 646 1144 iram
680 1087 772 1162 patris
802 1089 849 1145 eui
882 1108 972 1164 qnam
1005 1091 1088 1147 nullo
1123 1091 1261 1164 obsequio
1292 1092 1385 1148 lenire

338 1177 443 1249 potuit,
481 1177 599 1250 longius
632 1179 755 1250 fugaret,
790 1180 916 1236 Beccnm
951 1179 983 1235 in
1015 1179 1198 1238 Normannia
1220 1181 1274 1236 sub
1306 1181 1385 1237 Isan-

338 1268 436 1324 franoo
473 1267 671 1324 confovendus
702 1269 833 1336 accessit,
866 1269 918 1325 nbi
951 1287 1041 1343 prope
1074 1271 1117 1328 26.
1151 1289 1241 1342 agens
1273 1289 1384 1328 annum

335 1357 494 1414 monachus
527 1357 649 1415 effectus
679 1363 734 1416 est.
779 1359 850 1416 Post
879 1359 1043 1416 triennium
1072 1378 1141 1418 vero
1172 1361 1314 1418 translato
1347 1361 1386 1417 ud

337 1446 514 1504 cadomense
536 1450 745 1504 monasterium
771 1449 935 1506 Lanlranco
960 1449 1046 1506 Beooi
1076 1451 1173 1523 priore
1195 1450 1256 1522 ipse
1278 1451 1387 1508 Ansel-

336 1554 401 1592 mus
423 1538 477 1594 sub
500 1538 667 1594 Herlewino
689 1538 794 1595 abbate
826 1538 909 1611 prior
930 1544 975 1596 est
998 1540 1161 1606 institutus,
1185 1540 1385 1612 parcimoniae,

332 1625 463 1697 jejuniis,
495 1627 736 1701 imitationique
769 1627 915 1700 juvenum
946 1648 998 1702 per
1036 1631 1079 1686 15.
1112 1647 1204 1686 annos
1238 1631 1388 1702 potissime

335 1717 500 1773 intendens.
557 1718 738 1790 Frequenter
766 1708 883 1783 dicere¹
915 1720 997 1786 solet,
1036 1737 1067 1776 se
1101 1720 1189 1775 malle
1226 1737 1288 1776 esse
1325 1721 1389 1778 sine

336 1811 455 1879 peccato
485 1808 518 1862 in
540 1807 656 1864 inferno
679 1826 767 1880 quam
799 1807 832 1864 in
863 1809 938 1864 coelo
970 1827 1037 1864 cnm
1070 1814 1197 1882 peccato.
1243 1810 1390 1882 Opuscula

336 1897 453 1952 litorata
475 1901 506 1953 et
527 1899 623 1953 multa
655 1898 828 1971 composuit,
853 1915 919 1953 cnm
943 1898 1049 1971 quibus
1071 1904 1102 1956 et
1123 1905 1255 1956 nostram
1289 1900 1389 1957 credn-

336 1986 452 2041 litatem
482 2005 569 2059 qnam
603 1987 655 2042 alii
689 1987 914 2043 auctoritatibus
948 1994 1117 2062 extorquere
1154 1995 1303 2062 satagunt,
1339 1991 1390 2048 ille

336 2076 500 2132 rationibus
531 2081 562 2132 et
594 2075 816 2133 invincibilibus
847 2079 1031 2149 argumentis
1062 2079 1218 2146 roboravit,
1252 2080 1323 2136 adeo
1356 2087 1392 2137 ut

338 2158 567 2237 precedentium
589 2166 754 2238 excogitata
775 2185 837 2222 non
860 2168 956 2222 solum
978 2168 1119 2235 vinceret,
1136 2169 1226 2226 immo
1242 2169 1273 2224 in
1296 2187 1390 2227 unum

338 2273 474 2311 acervum
508 2260 632 2327 cogeret.
678 2256 862 2312 Discretione
893 2275 1009 2329 quoqne
1031 2263 1062 2314 et
1083 2259 1225 2330 patientia
1259 2260 1391 2316 omnium

338 2361 456 2401 auorum
479 2344 588 2401 devicit
610 2345 723 2401 animos
738 2347 920 2402 emulorum.
966 2347 1036 2404 Post
1059 2349 1101 2406 15.
1125 2353 1232 2422 autem,
1246 2349 1392 2421 prioratus

338 2435 386 2490 sui
407 2452 519 2491 annum
540 2435 678 2491 defnnmo
700 2436 877 2508 Herlewyno
907 2436 1004 2509 primo
1028 2438 1166 2494 Beccensi
1189 2439 1293 2494 abbate
1327 2439 1390 2511 ipse

338 2522 497 2581 Anselmns
539 2525 573 2580 in
610 2524 744 2582 abbatem
782 2526 959 2583 Beecensem
995 2532 1146 2600 promotus
1164 2521 1168 2529 ’
1184 2533 1236 2585 est.
1292 2529 1331 2584 Et
1364 2530 1390 2587 5.

338 2612 424 2670 annis
446 2615 483 2669 ab
506 2613 617 2686 Anglia
638 2619 710 2671 tunc
732 2613 875 2671 abstinuit
898 2617 1031 2689 quamvis
1054 2617 1189 2689 plurima
1212 2617 1250 2673 ad
1271 2618 1389 2674 venien-

340 2703 409 2759 dum
447 2722 542 2762 cauam
580 2722 649 2761 eum
687 2710 836 2776 urgerent,
874 2724 912 2762 ne
950 2707 1072 2761 forsitan
1109 2707 1390 2780 archiepiscopatum

340 2793 579 2851 cantuariensem
601 2811 653 2867 per
675 2801 800 2852 mortem
822 2795 980 2852 Ianfianci
1001 2800 1073 2851 tnnc
1095 2801 1247 2853 vacantem
1278 2794 1390 2854 ambire

340 2883 509 2951 rideretur3
532 2883 585 2940 sed
616 2885 735 2941 undem
768 2885 863 2940 tribus
901 2884 937 2942 de
977 2885 1071 2941 causis
1108 2883 1250 2957 Angliam
1286 2886 1387 2944 venire

342 2978 457 3030 coactns
479 2979 524 3030 eet
545 2979 633 3046 prout
654 2974 854 3048 supradictum
876 2979 929 3032 est.
974 2973 1098 3031 Fiebant
1119 2979 1191 3031 tuno
1221 2975 1258 3032 in
1276 2975 1388 3047 Anglia

343 3064 398 3119 sub
435 3081 505 3135 rege
538 3063 688 3120 Willelmo
725 3064 803 3120 Rufo
835 3063 1076 3137 depraedationes¹
1110 3064 1335 3137 proscriptiones
1366 3071 1397 3122 et

344 3152 572 3210 confiscationes
617 3153 696 3209 Nam
729 3153 911 3210 tolerabilius
933 3153 1036 3211 fuisset
1069 3155 1156 3210 nnius
1179 3153 1307 3226 huminis
1340 3154 1395 3211 im·

344 3241 458 3316 perium
488 3242 679 3314 ingemiscere
710 3261 800 3316 qnam
831 3243 918 3299 novis
949 3249 979 3300 et
1011 3249 1143 3300 recentem
1176 3244 1397 3302 succedentibus

345 3331 471 3388 dominis
502 3332 659 3405 subjacere.
703 3335 787 3389 Inter
808 3334 873 3389 haec
903 3332 981 3406 apud
1005 3333 1154 3408 episcopos
1177 3335 1287 3407 gande
1310 3335 1396 3392 silen-

345 3423 421 3478 tium
452 3423 559 3479 latrare
580 3441 640 3478 uon
662 3423 825 3479 valentium
857 3428 990 3480 autnon
1022 3424 1193 3482 audentium
1216 3424 1296 3482 intra
1327 3444 1398 3483 con-

346 3511 499 3569 scientiem
542 3513 781 3584 strangulabatur
813 3512 960 3585 judicium
992 3520 1110 3587 propter
1147 3515 1236 3570 nnius
1268 3515 1396 3572 hominis

346 3608 467 3658 metum.
513 3603 592 3658 Nam
614 3601 687 3675 quid
709 3603 815 3659 attinet
837 3602 918 3675 loqui
939 3603 992 3658 nbi
1010 3605 1155 3678 loquendo
1177 3604 1274 3661 irritam
1297 3605 1397 3662 odium

346 3711 400 3748 nec
421 3693 517 3747 ullum
539 3692 716 3748 nanciscaris
745 3694 1002 3750 emolumentum?
1048 3695 1119 3751 Erat
1141 3699 1212 3752 tunc
1242 3713 1307 3768 spes
1330 3714 1396 3753 eva·

345 3781 435 3838 dandi
455 3783 520 3838 hasa
542 3783 621 3838 mala
643 3781 670 3838 si
691 3783 849 3839 Anselmns
871 3783 995 3854 signiter
1016 3785 1129 3856 primus
1151 3785 1239 3842 umbo
1262 3785 1397 3858 publicus

345 3872 427 3928 fieret
460 3871 703 3944 archiepiscopus.
749 3872 812 3928 Rex
846 3871 991 3944 siquidem
1014 3873 1180 3930 Willelmus
1203 3879 1308 3931 cuncta
1341 3875 1397 3932 sibi

345 3961 472 4032 benigne
493 3960 574 4017 diota
606 3967 658 4018 aut
679 3961 800 4018 turbida
821 3961 865 4018 ira
887 3967 939 4019 aut
972 3963 1074 4018 facetis
1108 3963 1216 4020 salibus
1248 3965 1394 4032 eludebat,

345 4050 453 4123 quippe
474 4069 535 4108 non
567 4049 701 4124 permisit
732 4056 768 4107 ut
801 4053 946 4109 orationes
983 4052 1086 4109 fierent
1117 4071 1170 4126 pro
1202 4071 1236 4110 oo
1260 4059 1311 4110 aut
1342 4071 1396 4127 pro

345 4144 425 4196 statu
457 4140 598 4207 ecelesiae,
622 4141 719 4208 Orate,
743 4140 851 4213 inquit,
875 4142 953 4215 quod
975 4143 1076 4209 vultis,
1100 4159 1156 4215 ego
1177 4143 1283 4200 faciam
1317 4143 1396 4216 qnod

344 4230 479 4302 placebit
526 4231 585 4287 Sed
607 4230 669 4304 ipae
703 4231 823 4287 tandem
846 4231 930 4303 gravi
952 4231 1125 4289 infirmitate
1158 4231 1308 4303 <leprosum
1330 4233 1395 4288 An·

344 4321 469 4376 selmum
490 4320 617 4388 vocavit,
641 4325 672 4377 et
705 4337 849 4377 consensu
880 4321 1081 4393 episcoporum
1122 4322 1219 4393 ipsum
1252 4321 1396 4394 archiepi-

345 4427 465 4482 scopum
487 4411 550 4467 lore
583 4409 759 4482 designarit.
804 4411 847 4466 At
868 4411 920 4468 ille
951 4411 1081 4466 renitens
1112 4411 1145 4465 in
1176 4411 1255 4466 huno
1277 4411 1397 4467 modum

172 4487 321 4609 &tt-⁰⁰¹·
346 4499 465 4571 allegat,
509 4500 544 4557 Si
580 4504 664 4556 tauro
702 4499 855 4567 indomito,
894 4499 926 4554 id
964 4517 995 4555 es
1026 4499 1176 4556 Willelmo
1214 4499 1302 4568 Rufo,
1335 4500 1398 4558 ovis

611 4719 620 4754 ¹
638 4719 680 4774 On
691 4720 755 4772 both
761 4717 873 4788 margins
883 4718 914 4780 is,
923 4701 1086 4770 Notaaarta
1096 4717 1217 4772 Anaelma'.
