3625 5784
597 871 872 924 urrcnsmsssrs
895 873 1108 925 cnsosrcos.
1311 859 1375 924 353

316 1057 475 1124 immenso
498 1060 645 1124 exercitu
667 1059 782 1145 populi
797 1065 832 1124 et
848 1059 1060 1146 magnatibus
1083 1060 1153 1125 cito
1174 1065 1252 1146 post
1275 1059 1376 1146 profi·

316 1159 513 1224 eiecerentur
550 1161 586 1224 in
623 1160 829 1239 vasconiam,
866 1167 900 1226 et
939 1161 1028 1246 quod
1066 1183 1109 1226 ex
1155 1167 1237 1228 tunc
1285 1166 1376 1226 terra

315 1261 445 1348 Angliae
476 1284 497 1327 a
527 1262 596 1327 suis
628 1262 670 1327 de
708 1262 795 1328 facili
830 1269 943 1348 posset
973 1263 1105 1350 ingredi
1143 1269 1178 1329 et
1217 1263 1373 1350 optineri.

316 1361 481 1428 Clericus1
504 1369 616 1429 autem
640 1363 744 1450 ipsias
767 1363 893 1428 domini
917 1364 1052 1430 Thomas
1075 1365 1152 1429 duae
1177 1364 1260 1429 talia
1296 1364 1374 1431 scri-

315 1463 417 1542 beret,
450 1470 485 1530 et
514 1465 628 1548 literas
651 1465 774 1551 legeret
797 1467 1014 1552 responsales,
1033 1466 1126 1550 juste
1156 1465 1222 1530 sibi
1257 1467 1373 1532 timuit

315 1587 355 1630 ne
378 1565 465 1632 forte
488 1568 524 1631 in
558 1568 616 1632 tali
651 1567 953 1654 deprehenderetur
983 1567 1131 1633 facinore
1153 1573 1188 1633 et
1213 1573 1372 1653 tanquam

314 1668 400 1754 regis
430 1674 465 1734 et
495 1670 588 1755 regni
611 1671 760 1756 proditor
790 1675 985 1746 censeretur,
1017 1669 1195 1746 condoluit,
1227 1675 1262 1734 et
1290 1691 1371 1735 sano

315 1789 394 1834 usus
428 1770 566 1836 consilio
598 1772 668 1858 regi
700 1771 867 1834 Edwardo
907 1772 1051 1887 seipsum
1086 1777 1203 1857 sponte
1238 1771 1370 1857 optulit,
1384 1774 1532 1826 Theeorre·

316 1871 426 1936 omnia
459 1893 516 1958 per
549 1873 698 1937 ordinem
729 1894 876 1950 narrans,
908 1879 943 1937 et
972 1873 1106 1937 reniam
1137 1843 1529 1956 miserabiliter⁸l⁰¹¹d⁰¹¹⁰⁰

315 1977 436 2057 petens.
482 1973 578 2053 Quod
617 1996 690 2039 cum
729 1975 838 2060 ipsum
877 1973 1051 2038 dominum
1098 1973 1260 2038 Thomam
1303 1995 1371 2039 non
1383 1973 1514 2024 Fmoei

315 2075 441 2153 lateret,
463 2077 551 2163 fugit
573 2077 731 2142 continuo
755 2082 790 2142 et
811 2077 939 2142 acuria
957 2076 1101 2142 latenter
1120 2077 1290 2156 discessit3
1312 2079 1369 2142 sed
1382 2040 1504 2172 10ἷῇἶῖ

316 2199 392 2242 mox
415 2200 436 2242 a
466 2179 626 2245 ministris
658 2178 744 2266 regis
776 2180 946 2244 insecutus
968 2201 1082 2244 versus
1114 2178 1262 2256 wellias,
1295 2171 1500 2265 postffimffl·

316 2279 397 2346 duas
429 2281 546 2346 diaetas
576 2286 692 2368 captus
715 2288 774 2360 est,
805 2281 970 2358 reductus,
993 2281 1213 2366 adjudicatus,
1244 2286 1371 2347 tractus
1383 2287 1524 2351 Turbevale

316 2386 422 2447 estet
448 2404 634 2468 suspensus
658 2389 692 2448 et
724 2383 790 2448 cito
812 2387 888 2468 post
910 2387 983 2448 tota
1005 2405 1126 2469 magna
1151 2383 1265 2449 classis
1289 2361 1409 2469 prae-¹⁸
1382 2354 1524 2486 ΜΞΝ

224 2529 228 2536 -
316 2483 405 2548 dicta
428 2483 668 2563 dissolutatest,
692 2485 793 2549 etad
819 2484 969 2569 proprios
991 2491 1111 2571 portus
1133 2505 1271 2550 reversa

361 2586 486 2652 Eodem
517 2609 604 2652 anno
638 2587 724 2653 circe
755 2587 877 2651 festum
904 2587 1113 2652 Pentecostes
1136 2593 1301 2652 venerrmt
1334 2588 1370 2650 in
1383 2589 1494 2640 Aletter

317 2687 471 2774 Angliam
495 2689 560 2753 duo
576 2685 782 2752 cardinales²
797 2688 889 2752 missi
911 2710 933 2752 a
954 2688 1056 2753 latere
1076 2708 1171 2774 papae
1194 2688 1238 2752 ad
1260 2709 1370 2774 regem
1382 2655 1530 2772 ffifgel'e

316 2789 447 2876 Angliae
470 2811 544 2854 cum
565 2789 712 2875 epistolis
736 2789 939 2875 papalibus'
930 2811 965 2852 rn
986 2789 1056 2854 baec
1075 2789 1176 2854 verba
1197 2790 1423 2904 conceptism
1382 2787 1484 2852 taking

361 2887 558 2954 Bonefacins³
573 2916 674 2954 servus
696 2915 845 2954 servorum
868 2897 917 2953 dei
933 2897 1082 2953 carissimo
1104 2897 1136 2952 in
1152 2889 1292 2952 Christo⁴
1307 2855 1423 2953 filioEd
1382 2921 1460 2970 ,bont
1471 2920 1520 2970 the

317 2987 458 3042 Eduardo
480 2977 566 3058 regi⁵
582 2987 699 3058 Anglire
723 2989 846 3044 mlutem
868 2993 899 3042 et
921 2986 1110 3058 apostolicam
1128 2986 1367 3043 benedictionem.
1382 2986 1482 3037 French

316 3077 415 3133 Movet
437 3078 578 3142 animum,
602 3081 788 3149 mentemque
817 3076 967 3142 sollicitat,
998 3075 1042 3129 fili
1072 3075 1231 3141 carissime,
1255 3076 1369 3132 sincere
1383 3069 1441 3103 '⁸¹‘

315 3171 345 3220 et
375 3167 533 3222 affectuosa
563 3165 680 3222 dileetio
707 3184 792 3238 quam
817 3166 853 3220 ab
876 3165 948 3221 olim
970 3165 1042 3219 dum
1065 3183 1135 3219 cura
1165 3164 1250 3220 nobis
1280 3165 1369 3220 officii

316 3253 438 3310 minoris
468 3255 650 3324 incumberet
675 3255 713 3310 ad
742 3272 896 3326 personam
928 3253 1041 3325 regiam
1070 3259 1212 3326 tuumque
1241 3272 1368 3325 regnum

316 3343 452 3400 inclitum
475 3343 627 3415 gessimus,
651 3349 681 3399 et
704 3343 881 3400 continuatis
897 3343 1039 3400 benivolis
1061 3343 1166 3398 studiis
1189 3360 1291 3414 gerere
1308 3361 1369 3398 non

317 3449 471 3499 cessamus,
510 3439 544 3488 nt
582 3433 784 3489 celsitudinem
822 3432 934 3504 regiam
972 3432 1057 3504 cujus
1094 3432 1301 3488 exaltationem
1339 3438 1371 3488 et

317 3522 440 3593 gloriam
465 3524 586 3578 summis
609 3522 759 3578 desideriis
781 3521 951 3578 affectamus
966 3522 1005 3578 ad
1026 3511 1085 3577 ea⁶
1098 3521 1271 3577 inducemus
1287 3521 1367 3576 solli-

317 3611 383 3679 cite,
407 3629 459 3684 per
482 3601 570 3684 quae⁷
593 3612 624 3666 in
648 3617 805 3684 conspectu
828 3611 905 3682 regis
935 3611 1070 3666 altissimi
1101 3628 1262 3683 perquem
1284 3628 1370 3682 reges

316 3705 441 3772 regnant
463 3705 492 3756 et
514 3701 660 3773 principes
691 3701 888 3765 dominantur,
912 3699 1045 3756 debono
1075 3717 1188 3771 semper
1210 3700 1242 3754 in
1263 3701 1370 3756 melius

317 3790 446 3846 reddaris
477 3791 633 3862 acceptior,
668 3808 802 3846 occurres
832 3789 954 3860 gratior,
978 3789 1071 3844 carior
1093 3788 1235 3855 habearis,
1268 3807 1303 3844 ac
1337 3789 1369 3844 in

317 3896 409 3950 regno
431 3879 534 3934 mundi
557 3869 668 3934 claris⁸
683 3877 810 3936 nominis
832 3878 910 3950 regii
932 3878 1027 3934 titulis
1044 3878 1194 3949 copiosum
1216 3877 1370 3949 proveniat

354 4125 360 4156 ¹
380 4125 448 4175 Here
459 4139 492 4174 on
503 4124 565 4174 both
576 4123 688 4188 margins
701 4123 721 4172 is
735 4123 821 4172 Domi·
902 4122 1044 4172 ⁴Hereon
1066 4119 1129 4170 both
1140 4119 1254 4186 margins
1267 4119 1290 4170 is
1303 4119 1371 4184 11ρί-

319 4219 365 4254 aaa
378 4201 488 4252 Thomas
501 4203 642 4266 Tarbevyle
650 4203 772 4266 proditas
783 4204 821 4250 est
869 4200 937 4250 stola
946 4199 1061 4265 populis.

307 4299 369 4347 ‚per
380 4281 499 4332 clericam
510 4297 581 4331 saara
592 4287 615 4331 et
627 4286 728 4346 captus.
902 4279 914 4311 ⁵
931 4277 1033 4336 iduati,
1044 4277 1103 4326 add
1115 4276 1147 4326 R.

352 4359 362 4392 ²
379 4361 447 4411 Here
458 4377 492 4410 on
504 4359 641 4425 margines
651 4361 706 4408 MS.
718 4358 740 4409 is
753 4357 821 4408 Cor·
903 4355 914 4388 ⁶
929 4355 966 4406 ud
977 4372 1016 4412 eo,
1028 4355 1061 4404 R.
1068 4374 1076 4414 ς
1094 4370 1112 4404 o
1123 4353 1178 4413 dec,
1190 4353 1265 4404 MSS.

319 4437 427 4488 diuulsa.
460 4439 492 4488 111
515 4439 548 4488 Α.
572 4454 609 4488 we
632 4437 698 4487 have
723 4435 822 4486 Cordi·
903 4433 992 4498 iqua,
1004 4435 1053 4492 R.;
1071 4449 1150 4496 quem,
1161 4433 1236 4482 MSS.

320 4519 393 4569 natea
405 4519 506 4568 veniunt
515 4533 566 4582 pro
575 4515 782 4582 pucetobeada.
903 4512 1012 4564 ⁸cluria
1022 4512 1213 4578 mminisreqir',
1224 4513 1273 4572 R.;
1284 4513 1373 4563 carior

351 4597 362 4630 ⁸
379 4597 433 4648 The
445 4599 519 4648 letter
529 4595 551 4646 is
562 4596 638 4663 giren
650 4595 675 4646 in
690 4597 794 4660 Rymer,
805 4595 822 4645 i.
870 4595 1030 4658 nominisque,
1041 4594 1115 4643 MSS.

320 4677 515 4738 comeam
531 4681 602 4727 mas.
701 4665 706 4674 '

386 4807 402 4843 ο
436 4793 526 4842 eracl.
1221 4778 1240 4823 Ζ
