3625 5784
415 865 458 928 38
773 879 920 928 ursnmr
945 876 1128 926 sesemen

416 1093 484 1132 eum
507 1075 617 1131 auxilio
647 1073 765 1131 Griffiui
789 1074 983 1131 wallensium
1014 1073 1093 1145 regis
1115 1075 1224 1130 multus
1255 1073 1333 1130 circs
1357 1075 1472 1144 Vagam

417 1165 525 1222 flumen
548 1163 661 1237 praedss
683 1165 816 1235 egebunt.
862 1165 980 1220 Interes
1003 1163 1120 1220 Susnns
1142 1163 1221 1218 lilius
1244 1162 1388 1234 Godvvyui
1410 1161 1471 1234 pri·

417 1254 584 1324 mogenitus
616 1254 667 1326 qni
699 1271 792 1326 nuper
824 1252 948 1324 Egivem
982 1253 1056 1308 Leol
1090 1251 1260 1308 monosterii
1293 1251 1469 1308 ebbetisssm
1483 1241 1570 1305 Tm
1580 1241 1628 1292 0⁰b

415 1347 585 1415 corruperat
606 1348 637 1398 et
659 1343 774 1398 duxisse
804 1347 1003 1415 proposuerat,
1026 1347 1057 1398 et
1078 1342 1115 1397 ob
1148 1342 1204 1398 hoc
1226 1341 1369 1413 Anglism
1401 1311 1556 1395 reli-⁸³³¹·

416 1437 529 1504 queret,
552 1432 650 1498 rediit,
674 1437 704 1488 st
726 1433 824 1487 forsan
847 1449 915 1487 cum
944 1449 1013 1502 rege
1044 1431 1193 1502 peoilioeri
1223 1435 1331 1503 posset,
1355 1429 1407 1486 sed
1436 1429 1470 1483 iu

417 1540 469 1577 suo
500 1521 628 1578 adventu
659 1523 804 1577 Beornum
835 1519 972 1576 comitem
999 1525 1030 1576 et
1063 1519 1269 1576 consobrinum
1300 1537 1386 1574 suum
1418 1517 1470 1589 qui

417 1629 484 1666 eum
507 1611 672 1682 peoifioesse
696 1609 870 1674 intenderet,
894 1609 1010 1665 occidit.
1056 1610 1130 1666 Inde
1149 1607 1319 1665 Fleudriom
1338 1607 1471 1680 profugit

417 1700 508 1755 donec
530 1717 582 1771 per
597 1699 758 1754 Aldrednm
773 1699 984 1754 Eborncensem
1007 1703 1038 1754 et
1051 1700 1281 1771 Wygomensem
1303 1698 1471 1769 episcopum

417 1787 660 1844 reconciliaretur.
707 1787 769 1843 Rex
785 1787 945 1844 Edwardus
959 1788 1084 1844 obsolvit
1098 1788 1212 1859 Anglos
1228 1807 1246 1843 e
1260 1787 1344 1858 gravi
1359 1786 1471 1840 tributo

419 1877 497 1949 qnod
520 1883 603 1948 peter
625 1876 688 1948 ojus
712 1876 871 1947 Egelredus
894 1877 1015 1932 Deuicis
1037 1876 1171 1932 solduriis
1198 1875 1273 1933 solvi
1299 1877 1416 1942 feceret,
1440 1879 1471 1930 et

415 1966 478 2037 jum
495 1984 546 2038 per
561 1967 600 2022 xl.
615 1983 706 2021 suuos
721 1964 883 2021 duraverat.
911 1965 1027 2021 Mortuo
1043 1966 1131 2022 Edsio
1147 1965 1359 2022 Doroberuensi
1373 1964 1470 2021 orobi-

420 2055 564 2127 episcopo,
588 2073 639 2110 rex
662 2055 823 2110 sewardus
846 2054 928 2110 dedit
951 2054 1232 2127 archiepiscopatum
1256 2054 1396 2110 familiari
1417 2071 1470 2109 suo

421 2143 556 2209 Roberto,
574 2162 660 2215 quem
683 2141 792 2198 dudum
816 2145 924 2199 feceret
939 2143 1171 2201 Loudoniensem
1186 2145 1362 2216 episcopum.
1401 2143 1471 2198 Post

420 2233 483 2288 haec
505 2251 603 2289 mense
628 2233 791 2304 Septembri
811 2232 1005 2288 Bononiensis
1027 2251 1122 2288 comes
1146 2233 1321 2288 Eustochius
1336 2233 1471 2288 Dovorioe

421 2321 574 2393 applicuit,
599 2321 650 2394 qui
673 2339 802 2377 sororem
824 2323 903 2392 regis
927 2321 1063 2377 Edwardi
1086 2322 1199 2378 Godnm
1222 2323 1362 2388 duxerst3
1386 2319 1470 2391 cujus

420 2411 529 2466 milites
545 2411 614 2465 dum
638 2411 822 2482 impudenter
844 2410 976 2482 hospicio
998 2417 1162 2483 queerereut
1184 2428 1277 2466 uuum
1299 2411 1336 2466 de
1357 2409 1470 2466 civibus

420 2506 614 2572 peremerunt,
642 2500 720 2554 cives
745 2505 844 2555 sutem
867 2517 960 2555 uuum
982 2500 1018 2555 de
1040 2499 1104 2570 ejus
1126 2499 1270 2555 militibus
1292 2499 1468 2556 occiderunt

420 2589 510 2644 Festo
533 2589 652 2644 teudem
675 2588 758 2659 gmvi
780 2589 920 2643 conflictu
950 2589 1028 2645 cives
1050 2608 1096 2644 xrM
1120 2590 1157 2644 de
1188 2588 1329 2644 comitutu
1351 2588 1470 2644 comitis

420 2677 597 2744 occiderunt,
621 2677 687 2732 nliis
710 2677 871 2732 innumeris
894 2678 1061 2734 vulneratis
1117 2679 1184 2750 Ipse
1206 2695 1301 2733 comes
1324 2695 1391 2733 eom
1412 2676 1470 2732 elio

419 2767 497 2822 socio
520 2767 570 2822 vix
591 2767 725 2831 eredens,
743 2783 841 2837 regem
864 2767 942 2838 opud
958 2767 1145 2823 Gloverniem
1168 2767 1251 2833 odiit,
1268 2785 1353 2838 quem
1368 2771 1471 2822 contre

419 2857 532 2926 Auglos
556 2857 684 2927 gmviter
706 2855 842 2910 incitavit
855 2847 876 2922 3¹
901 2856 969 2912 iude
993 2856 1160 2928 Godvyuus
1184 2873 1280 2912 comes
1296 2855 1410 2912 Gentis
1433 2855 1470 2910 nd

420 2946 530 3002 onmem
554 2945 660 3001 citetus
682 2947 787 3000 missus
817 2950 862 3000 est
894 2950 930 3000 ut
960 2945 1089 3001 exercitu
1111 2962 1163 3001 suo
1195 2945 1310 3001 comitis
1341 2944 1471 3001 vindicet

421 3033 567 3106 injuriam.
612 3035 668 3090 Ille
692 3039 789 3090 nutem
812 3033 916 3090 videus
945 3035 1124 3105 alienigenos
1154 3034 1233 3107 opud
1262 3051 1362 3106 regem
1394 3053 1469 3106 prae·

419 3124 525 3190 velere,
550 3141 583 3179 eo
606 3141 672 3179 suos
695 3123 772 3178 cives
799 3123 898 3178 volens
930 3124 1022 3179 tutori
1055 3124 1223 3196 respoudit:
1259 3124 1378 3179 Justum
1409 3124 1470 3180 fore

420 3212 552 3268 custodes
585 3213 697 3267 castelli
729 3211 916 3267 Dovorieusis
950 3213 1110 3279 conveniri,
1145 3213 1196 3285 qui
1228 3213 1253 3268 si
1287 3231 1318 3269 se
1351 3219 1470 3284 possent

420 3318 555 3356 excusem
578 3301 664 3355 illaesi
687 3299 818 3355 abirent:
843 3300 889 3355 sin
912 3301 994 3366 olins,
1010 3302 1042 3356 in
1065 3303 1151 3358 rebus
1173 3307 1203 3359 et
1225 3301 1394 3374 corporibus
1409 3303 1469 3358 suis

420 3391 483 3459 regi
517 3394 547 3444 et
579 3388 680 3443 comiti
718 3389 925 3444 satisfacerent.
987 3390 1061 3459 Quin
1093 3391 1187 3462 igitur
1219 3391 1282 3462 regi
1315 3391 1470 3447 videbetur

420 3496 504 3532 suum
524 3476 638 3548 jussum
661 3477 876 3549 parvipensum,
899 3485 1099 3534 convocentur
1128 3481 1214 3552 regui
1236 3497 1369 3552 proceres
1391 3480 1470 3554 opud

420 3566 617 3632 Gloveruiem,
641 3566 791 3637 potissime
807 3566 956 3622 Leolrious
978 3585 1073 3624 comes
1088 3569 1263 3625 Meroiorum
1276 3575 1308 3626 et
1323 3569 1471 3626 Siwerdns

419 3653 640 3720 Northimbrise,
673 3660 708 3709 ut
739 3655 911 3712 obsisterent
945 3657 1095 3729 Godvvyno
1129 3660 1180 3730 qui
1212 3659 1249 3714 de
1282 3659 1469 3715 eomitatibus

420 3743 479 3798 suis
502 3743 633 3808 Kentiae,
659 3743 820 3810 Soutbrsee,
845 3745 1064 3813 Westsoxouise,
1087 3752 1118 3802 et
1142 3748 1240 3802 Sueno
1271 3747 1469 3820 primogenito

419 3849 471 3886 suo
495 3832 545 3902 qui
568 3832 604 3886 de
627 3832 814 3887 comitatibus
846 3823 930 3888 suis²
951 3835 1132 3900 Beioooeusi,
1156 3836 1322 3905 Oxouiensi‚
1346 3837 1467 3892 Glover·

420 3920 514 3985 nensi,
537 3925 568 3974 st
582 3919 712 3975 Hereldo
736 3921 787 3991 qui
809 3923 845 3977 de
867 3913 1074 3978 comitatibns²
1089 3925 1279 3991 Estssxonioe,
1295 3926 1467 3997 Estnugliur,

419 4008 641 4079 Huntyudonite
665 4009 814 4080 copiosum
846 4013 1006 4066 exercitum
1037 4013 1218 4084 collegerunt
1250 4015 1328 4086 opud
1359 4015 1469 4071 Bover·

419 4101 544 4153 stonum.
591 4097 764 4170 Inonlpetns
798 4105 843 4154 est
866 4099 1034 4172 chwyuus
1058 4102 1135 4173 quod
1166 4107 1283 4158 tentum
1307 4105 1468 4160 exercitum

419 4184 582 4244 adunasset.
628 4186 798 4258 Respondit,
823 4189 901 4260 quod
923 4189 961 4244 ed
991 4191 1231 4262 compescendum
1254 4191 1404 4248 Weleusee
1427 4195 1468 4249 sic

418 4274 553 4342 fecisset;
579 4274 630 4330 sed
644 4275 793 4332 Wslenses
816 4276 956 4334 oileumm
978 4280 1010 4334 iu
1032 4281 1118 4335 illum
1140 4287 1327 4337 retorserunt.
1371 4282 1469 4353 Igitur

418 4364 673 4434 quantulocunque
695 4365 849 4422 concordie
878 4373 1033 4438 procurate
1055 4369 1210 4424 eonsilium
1240 4389 1326 4442 super
1359 4372 1414 4427 heo
1436 4389 1468 4428 re

418 4451 578 4508 Londoniae
601 4457 646 4508 est
668 4453 860 4525 assignatum,
885 4455 928 4511 its
949 4456 1068 4528 quidem
1100 4457 1178 4529 quod
1210 4458 1378 4532 Godvyuus
1400 4478 1468 4516 oum

450 4691 600 4756 Unctioni,
612 4695 667 4744 MS.
679 4697 730 4744 und
742 4696 776 4745 A.
1001 4697 1082 4748 ²snis
1107 4736 1115 4750 .
1139 4736 1146 4749 .
1167 4737 1173 4750 .
1198 4737 1204 4750 .
1227 4701 1470 4764 malioniensem

967 4778 1001 4827 Λ.
1013 4779 1063 4827 und
1075 4778 1153 4844 Higd.
1162 4777 1232 4847 [not
1243 4779 1270 4830 iu
1281 4780 1340 4832 MS.
