3625 5784
412 860 478 922 181
764 872 910 923 amaror
935 866 1118 921 nursnror

410 1055 481 1121 sine
515 1056 646 1123 haerede
669 1057 709 1123 de
733 1077 866 1143 corpore
892 1062 1073 1144 procreato,
1096 1056 1153 1122 sed
1182 1074 1243 1121 rex
1275 1054 1459 1120 Edwardus

240 1168 325 1245 ossa
338 1168 368 1217 or
410 1178 448 1221 eo
483 1162 630 1245 tempore
662 1158 839 1225 maritavit
860 1164 929 1225 tres
953 1158 1039 1223 filias
1061 1178 1147 1235 suas,
1177 1177 1279 1223 unam
1311 1154 1460 1221 Johanui

241 1235 395 1351 ἓξὲξ»
410 1260 487 1325 (1111
526 1261 727 1337 Brabanoiaa,
761 1259 901 1326 alteram
941 1259 1092 1325 Gilberto
1130 1260 1171 1325 de
1210 1257 1309 1325 Olera
1346 1256 1461 1323 eomiti

242 1366 372 1418 Scotusa.
411 1364 633 1441 Glouoestriae,
672 1365 807 1429 tertiam
845 1364 961 1428 comiti
999 1363 1040 1427 (11
1079 1362 1188 1427 Barea.
1253 1360 1302 1425 Eo
1347 1360 1461 1445 itaque

410 1472 556 1552 tempore
588 1466 793 1531 moriebatur
823 1465 1006 1531 Helianora
1029 1464 1145 1551 regins
1167 1462 1308 1549 Angliae,
1332 1466 1367 1527 et
1396 1460 1459 1524 hu-

408 1574 500 1634 mata
521 1568 700 1634 honorilice
723 1568 813 1653 apud
836 1566 1177 1632 westmonasterium.

240 1691 391 1741 aneror
455 1672 524 1736 Iste
547 1670 737 1735 Alexander
759 1674 797 1734 ut
832 1670 958 1735 (11111111
982 1668 1166 1735 111111111
1198 1667 1363 1753 equitavit
1394 1688 1461 1733 una

241 1756 378 1807 11111111·
408 1778 504 1839 noete
535 1773 571 1836 in
605 1773 742 1838 obsouro
780 1792 895 1836 versus
931 1792 1069 1836 uxorem
1104 1792 1199 1835 suam
1234 1792 1324 1835 saoro
1357 1768 1461 1855 quad·

408 1874 595 1961 ragesimali
618 1880 775 1960 tempore,
806 1874 926 1940 cecidit
954 1874 995 1939 de
1018 1894 1101 1960 equo
1137 1895 1205 1952 suo,
1227 1879 1262 1938 11
1285 1873 1461 1959 rumpebat

408 1976 551 2043 collum1
598 1998 706 2053 suum,
754 1980 788 2040 et
835 1981 987 2041 mortuus
1021 1980 1079 2041 ast.
1153 1974 1222 2041 Iste
1270 1974 1461 2041 Alexander

408 2081 664 2167 desponsaverat
688 2078 910 2164 Margaretam
926 2078 1029 2144 filiam
1054 2078 1140 2165 regis
1163 2076 1299 2142 Henrioi
1316 2100 1456 2143 sororem

407 2183 494 2269 regis
517 2180 673 2247 Edwardi
696 2180 787 2266 apud
810 2180 1003 2258 Eboracum,
1029 2181 1068 2245 de
1104 2202 1169 2265 qua
1202 2180 1320 2267 genuit
1353 2178 1459 2244 filium

239 2303 284 2352 Ma
359 2310 370 2352 t
407 2285 635 2349 Alexandrum
652 2287 686 2348 et
702 2304 803 2347 uuam
818 2282 923 2347 filiam
949 2282 1180 2369 Margaretam.
1227 2282 1295 2348 Iste
1317 2282 1406 2347 filius
1421 2282 1458 2346 11

240 2319 395 2485 ζξὲξῇῌ
408 2388 507 2473 plena
528 2393 630 2452 aetate
653 2391 803 2450 mortuus
826 2389 877 2450 est
892 2385 1029 2450 vivente
1045 2390 1138 2471 patre
1160 2406 1227 2451 suo.
1275 2385 1461 2473 Margareta

241 2485 373 2579 smunlg
409 2490 606 2575 desponsata
628 2488 694 2551 fuit
717 2486 786 2573 regi
811 2485 996 2573 Norvegiae.
1044 2486 1124 2552 Post
1154 2486 1224 2553 haee
1258 2486 1461 2551 moriebatur

241 2569 318 2619 ⁰¹¹⁶&
408 2593 524 2681 regina
557 2591 676 2657 Scotiae
707 2596 741 2654 et
771 2612 831 2654 rex
863 2590 990 2676 aceepit
1023 2612 1159 2655 uxorem
1196 2589 1297 2655 filiam
1329 2590 1459 2656 comitis

410 2694 589 2771 Flandriae,
605 2693 663 2758 sed
686 2692 814 2757 nullam
836 2690 1028 2757 habueruut
1050 2692 1183 2777 prolem,
1207 2697 1241 2757 et
1264 2692 1362 2778 longo
1377 2696 1462 2757 tem-

410 2820 488 2883 pore
509 2799 738 2884 regnaverunt
760 2795 796 2858 in
819 2816 940 2881 magna
963 2795 1189 2883 prosperitate.
1235 2794 1385 2880 Cumque
1401 2816 1460 2860 rex

240 2908 345 2975 sueap-
409 2901 542 2976 obisset,
575 2903 757 2963 tractatum
790 2901 841 2961 est
875 2896 930 2962 oui
957 2895 1014 2982 jus
1053 2897 1146 2983 regni
1179 2896 1391 2975 incumberet,
1426 2902 1461 2963 et

239 2978 395 3107 ffiffl
409 3000 561 3086 pluribus
585 3000 704 3075 visum,
729 2997 818 3083 quod
840 2998 910 3063 filia
933 2998 1019 3084 regis
1047 2997 1231 3065 Alexandri
1254 3004 1361 3085 nupta
1391 3000 1461 3087 regi

240 3124 378 3161 11111111.
410 3102 586 3189 Norvegiae
618 3099 833 3187 propinquior
871 3105 957 3164 esset
994 3121 1095 3186 regno
1133 3100 1347 3167 haereditario.
1409 3102 1462 3169 Ob

409 3227 508 3290 quam
546 3225 678 3269 11111111
718 3201 808 3267 Sooti
847 3200 1025 3266 noluerunt
1057 3206 1256 3290 attemptare
1290 3204 1462 3271 materiam

377 3308 480 3374 'sine
525 3326 661 3371 assensu
706 3304 794 3390 regis
837 3303 978 3391 Angliae,
1026 3310 1060 3369 et
1104 3306 1347 3371 mandaverunt
1391 3308 1462 3394 regi

410 3408 576 3475 Edwards
599 3410 635 3472 in
658 3406 855 3471 Gasooniam
879 3405 919 3471 de
943 3412 1064 3472 eventu
1088 3408 1174 3493 regis
1195 3407 1388 3486 Alexandri,
1403 3411 1461 3495 qui

241 3535 386 3587 Gmrnians
412 3511 624 3602 remandavit
646 3510 702 3585 eis,
733 3514 774 3573 ut
806 3513 858 3573 tot
890 3508 1051 3595 eligerent
1072 3510 1248 3597 gordianos
1279 3513 1373 3599 regni
1403 3514 1461 3597 qui

240 3604 322 3719 ffi'
409 3615 614 3681 custodirent
647 3616 773 3676 statum
804 3631 932 3677 ooronae
965 3632 1067 3697 usque
1099 3612 1141 3676 ad
1175 3613 1355 3679 adventum
1381 3615 1460 3702 ejus.

240 3736 384 3800 appointed.
410 3716 507 3797 Quod
529 3721 564 3780 et
586 3714 710 3779 laetum
746 3719 806 3791 est,
830 3719 864 3780 et
894 3714 1031 3777 missum
1063 3718 1134 3778 erat
1168 3714 1379 3802 Norwegiam
1403 3740 1461 3805 pro

409 3820 479 3883 filia
501 3816 683 3882 Alexandri
717 3816 761 3881 ad
791 3815 935 3880 reditum
957 3815 1043 3901 regis
1066 3815 1223 3881 Edwardi
1246 3818 1282 3882 in
1306 3818 1459 3899 81111111,

410 3922 504 4007 quasi
527 3941 680 4005 suprema
702 3918 836 3982 domina
859 3917 985 3983 Sootiae.
1033 3916 1182 4005 Cumque
1205 3919 1241 3983 in
1260 3922 1343 3986 mari
1366 3924 1460 3989 navi·

240 4028 372 4107 nugare
409 4028 520 4111 gasset
543 4020 637 4108 quasi
660 4042 720 4106 pro
754 4019 979 4083 teneritudine
1011 4020 1113 4105 eoepit
1137 4028 1305 4108 aegrotare,
1328 4028 1460 4091 etcum

240 4098 340 4228 m
350 4096 395 4213 {pe
409 4148 530 4213 magna
551 4145 652 4211 poeua
674 4122 775 4187 dueta
797 4121 907 4187 estin
939 4120 1081 4187 insulam
1104 4122 1145 4187 de
1168 4123 1332 4211 Orkeney,
1356 4131 1391 4191 et
1412 4128 1460 4194 ibi

242 4230 370 4280 sauma
410 4228 619 4295 moriebatur.
659 4225 706 4289 Et
719 4224 767 4289 aio
780 4244 919 4309 regnum
936 4222 1054 4290 Sootiee
1070 4225 1213 4291 multum
1229 4228 1460 4296 turbulentum

409 4337 485 4418 post
507 4335 647 4394 mortem
670 4325 852 4391 Alexandri
875 4331 911 4390 et
934 4326 1130 4412 Margaretae
1152 4328 1231 4394 filiae
1253 4330 1334 4415 ejus,
1349 4330 1461 4399 David

409 4433 514 4497 frater
537 4432 607 4517 ejus
630 4428 741 4516 posuit
770 4427 925 4494 olamium
960 4428 996 4491 in
1031 4448 1131 4513 regno
1165 4428 1283 4497 Sootiae
1316 4434 1375 4518 qui
1397 4434 1462 4501 fuit

409 4558 516 4603 eomes
564 4530 850 4617 Huntyngdoniae,
900 4535 935 4595 et
980 4531 1059 4617 quia
1104 4552 1180 4597 oum
1227 4540 1313 4601 esset
1356 4536 1461 4605 haeres

410 4658 573 4725 apparens
595 4654 717 4720 magna
739 4632 814 4697 rixa
847 4638 921 4698 orta
955 4637 1006 4699 est
1029 4634 1117 4699 inter
1139 4635 1247 4722 ipsum
1269 4642 1304 4705 et
1326 4641 1461 4728 propin·

552 4788 560 4819 ¹
578 4788 647 4837 Here
658 4802 692 4836 on
704 4786 805 4852 margin
817 4785 839 4837 is
851 4786 1002 4839 Alexander·
1013 4805 1059 4838 rer
1072 4788 1163 4840 Scottoe
1174 4796 1294 4844 mortuus
