3625 5784
425 824 467 892 72
782 845 926 893 nsnmcr
951 845 1132 895 anrosrorr

425 1047 494 1104 salis
515 1048 644 1104 ecclesias
676 1045 803 1120 plurima
837 1049 997 1106 moliretur.
1044 1049 1102 1105 Sed
1125 1047 1310 1122 postmodum
1342 1048 1477 1122 quamvis

425 1137 583 1210 imperator
603 1137 700 1193 nudus
722 1138 844 1210 pedibus
876 1156 963 1211 super
999 1137 1098 1194 nivem
1120 1143 1150 1194 et
1173 1137 1298 1210 glaciem
1321 1139 1373 1195 diu
1395 1144 1476 1196 stans
1528 1139 1531 1144 ’

424 1227 540 1283 veniam
563 1233 688 1298 rogaret,
711 1227 761 1282 vix
783 1227 994 1284 absolutionem
1018 1229 1157 1301 optinuit.
1203 1228 1352 1284 Posthac
1375 1234 1474 1286 temen

425 1316 583 1388 imperator
605 1317 729 1372 Romam
752 1317 874 1383 obsedit,
891 1317 968 1374 cives
992 1317 1131 1390 corrupit,
1148 1334 1255 1390 papam
1270 1319 1473 1386 incarceravit,

423 1411 454 1460 et
488 1405 633 1477 quendam
667 1406 830 1462 Wibertnm
854 1407 1053 1463 Ravennatem
1091 1407 1258 1479 episcopum
1289 1425 1395 1478 papam
1428 1407 1473 1463 in·

423 1495 530 1561 stituit,
563 1499 593 1550 et
624 1495 804 1551 Clementem
838 1497 962 1552 vocavit.
1009 1495 1066 1552 Sed
1101 1495 1244 1552 Robertne
1275 1495 1333 1551 dux
1356 1496 1473 1568 Apuliae

422 1584 486 1640 hreo
509 1585 630 1640 audiens
653 1603 757 1656 papam
780 1591 810 1640 et
832 1585 993 1640 cardinales
1016 1585 1159 1641 liberarit.

467 1674 570 1729 (lomes
593 1674 757 1729 Hertordiae
781 1675 912 1744 Rogerus
934 1675 970 1730 de
992 1673 1076 1744 cujus
1098 1674 1220 1730 consilio
1242 1692 1292 1730 rex
1309 1675 1473 1732 Willelmus

422 1762 545 1818 scrutari
571 1764 679 1818 fecerat
710 1764 885 1819 monasterie
919 1763 1037 1834 Angliae
1070 1783 1122 1836 pro
1145 1765 1289 1820 thesauris
1318 1764 1471 1832 habendis,

422 1857 523 1907 contra
564 1852 643 1922 regis
691 1859 868 1924 praeceptum
906 1871 1034 1909 sororem
1080 1871 1162 1909 suam
1201 1853 1325 1909 Radullo
1370 1855 1471 1910 comiti

250 1924 336 2045 33⁵
349 1931 398 1980 ⁰⁰¹·
422 1942 583 2011 Estangliea
599 1942 756 2013 copulavit,
772 1942 823 1997 ubi
846 1948 947 1998 eontra
961 1961 1060 2013 regem
1083 1943 1215 2000 fecerunt
1229 1941 1469 2014 conjurationem,

421 2035 451 2086 et
473 2031 609 2086 comitem
632 2031 745 2086 Waltef
775 2031 812 2086 ad
843 2033 1082 2087 consentiendum
1106 2032 1367 2088 circumvenerunt.
1413 2033 1470 2102 Qui

421 2116 487 2174 m'ox
526 2119 721 2176 lanfrancum
759 2120 843 2186 adiit,
867 2126 897 2175 et
933 2121 1109 2193 poenitentia
1146 2125 1263 2194 accepta
1299 2139 1398 2192 regem
1437 2123 1469 2178 in

419 2209 601 2264 Normannia
622 2209 717 2279 petiit,
750 2209 906 2265 factionem
939 2210 1107 2277 denudavit,
1132 2211 1293 2266 clementiae
1326 2211 1416 2282 regiae
1439 2229 1470 2269 se

419 2298 501 2353 dedit
523 2298 621 2364 ultro;
661 2316 711 2353 rex
742 2315 811 2354 vero
843 2299 959 2354 rediens
981 2299 1121 2370 quosdam
1153 2298 1309 2370 exlegavit,
1333 2299 1469 2357 comitem

420 2387 579 2442 Radulfum
611 2387 788 2458 profugerit,
813 2388 950 2444 comitem
974 2388 1086 2444 Waltef
1114 2394 1180 2461 post
1211 2389 1468 2456 incarcerationem

416 2475 502 2547 juxte
524 2476 713 2548 Wyntoniam
738 2476 828 2548 impie
861 2477 932 2532 feeit
965 2477 1112 2535 decollari.
1158 2479 1215 2534 Sed
1238 2478 1291 2534 dec
1315 2479 1468 2536 ordinante

419 2583 552 2636 processu
576 2566 715 2637 temporis
737 2583 841 2638 corpus
871 2565 934 2637 ejus
957 2567 1035 2638 apud
1059 2558 1235 2623 Ororrland1
1259 2567 1466 2624 monasterinm

418 2655 590 2710 tumulatur.
647 2654 692 2710 De
729 2672 787 2727 quo
827 2659 948 2711 testatus
985 2661 1030 2712 est
1067 2656 1248 2712 Lanlrancus
1286 2657 1364 2728 quod
1400 2676 1468 2716 vere

417 2745 546 2800 humana
568 2743 704 2814 contagia
726 2745 896 2812 defleverit3
937 2749 967 2801 et
989 2745 1103 2801 felicem
1126 2763 1157 2801 se
1179 2746 1240 2802 lore
1255 2745 1330 2800 dixit
1353 2748 1377 2802 si
1403 2754 1468 2819 post

416 2833 505 2905 hujus
526 2833 596 2889 ritae
619 2833 740 2890 exilium
762 2834 843 2889 illiue
865 2839 962 2906 posset
984 2834 1042 2889 frui
1064 2835 1170 2907 requie.

460 2922 645 2979 Celebratum
667 2929 712 2978 est
727 2923 884 2979 concilium
906 2923 1066 2980 Londoniae
1090 2925 1121 2978 in
1136 2923 1256 2980 ecclesia
1270 2925 1362 2982 sancti
1382 2927 1466 2982 Pauli

416 3013 469 3067 sub
486 3012 658 3078 Irenfrancc,
675 3011 759 3083 cnjus
780 3012 823 3068 rei
845 3031 916 3068 neue
942 3012 973 3066 in
996 3013 1107 3084 Anglia
1129 3013 1180 3068 diu
1204 3013 1390 3081 obsoleverat,
1416 3015 1465 3073 nbi

415 3101 510 3172 primo
533 3101 700 3157 ordinatum
715 3107 759 3156 ost
774 3102 811 3156 de
825 3102 951 3157 sessione
966 3102 1165 3174 episcoporum
1189 3103 1220 3158 in
1244 3103 1375 3160 conciliis
1390 3107 1466 3161 cele-

414 3189 541 3246 brandis.
582 3190 723 3257 Secundo,
741 3190 817 3261 quod
832 3190 913 3246 sedes
928 3193 1128 3263 episcoporum
1143 3192 1179 3248 de
1191 3193 1296 3248 viculis
1308 3195 1466 3250 transirent

415 3279 452 3333 ad
467 3280 552 3334 urbes
567 3277 703 3348 majores:
727 3278 805 3333 unde
820 3279 930 3334 fectum
946 3285 991 3336 est
1002 3285 1036 3335 nt
1052 3281 1132 3336 sedes
1145 3281 1313 3338 Selesicnsis
1328 3284 1466 3340 transiret

414 3369 451 3422 ud
490 3367 670 3434 Cioostriam,
709 3367 915 3424 Gornubieusis
952 3369 990 3424 ad
1028 3371 1216 3436 Excestriam,
1240 3371 1394 3428 Welleneie
1427 3375 1464 3430 ad

415 3457 578 3523 Batouiam,
615 3456 861 3513 Schnrbumensie
895 3457 933 3512 ad
958 3459 1162 3526 salesburiam,
1191 3460 1405 3518 Dorcestrensis
1427 3464 1465 3519 ad

413 3545 615 3620 Lyncoluiam,
639 3544 876 3618 Lychefeldensis
910 3546 947 3601 ad
970 3547 1112 3602 Castriam
1146 3554 1275 3620 tempore
1298 3550 1378 3606 Petri
1400 3551 1462 3624 epi-

412 3635 500 3708 scopi.
547 3634 606 3690 Sed
629 3635 772 3690 Robertus
798 3652 944 3692 successor
965 3633 1028 3706 ejus
1051 3637 1202 3692 transtulit
1233 3638 1268 3694 de
1292 3639 1404 3695 Oestria
1426 3641 1464 3697 ed

413 3723 648 3780 Conventreiam.
719 3723 785 3779 Hoc
822 3742 898 3780 anno
937 3725 1124 3780 Hermanuus
1162 3725 1312 3800 episcopus
1349 3729 1463 3800 primus

413 3811 646 3878 Sarisburiensis,
670 3811 706 3867 de
729 3831 787 3884 quo
818 3830 906 3885 snpra
936 3813 1047 3870 dietum
1070 3820 1124 3880 est,
1149 3816 1231 3884 obiit,
1254 3817 1302 3872 cni
1325 3819 1464 3876 successit

413 3902 580 3959 Osmundus
626 3901 704 3973 regis
750 3902 938 3958 cancellarius
986 3904 1030 3959 24.
1063 3903 1158 3970 annis,
1204 3905 1255 3976 qui
1311 3907 1462 3965 ecclesiam

412 4009 519 4049 noram
542 3989 651 4047 ibidem
674 3991 846 4057 construxit,
870 3991 989 4048 elericos
1011 3993 1142 4064 insignes
1165 3998 1226 4050 tarn
1249 3993 1343 4050 literis
1374 4014 1460 4069 quam

411 4085 500 4138 cautu
523 4079 706 4152 aggregavit,
729 4080 772 4136 ita
802 4085 837 4135 ut
871 4080 989 4154 ipseque
1022 4083 1173 4156 episcopus
1207 4082 1296 4140 libros
1326 4085 1460 4156 scribere,

411 4171 502 4241 ligero
524 4173 554 4226 et
586 4169 752 4225 illuminare
785 4187 844 4224 non
876 4171 1029 4226 fastidiret.
1075 4171 1133 4228 Hic
1164 4190 1277 4246 qnoque
1300 4179 1463 4248 composuit

410 4260 518 4315 librum
534 4259 695 4316 ordinalem
728 4259 916 4315 ecclesiastici
942 4259 1028 4315 officii
1055 4279 1141 4333 quem
1165 4257 1461 4320 Consuetudinsrium

408 4353 523 4416 vocant,
563 4365 620 4421 qno
665 4349 725 4404 fere
769 4365 849 4404 nuuc
893 4353 956 4404 tota
993 4350 1112 4420 Anglia,
1137 4351 1245 4408 Wullia
1289 4353 1392 4419 utitur,
1432 4361 1462 4412 ct

408 4439 559 4496 Hibernia.
612 4438 744 4493 Dictavit
764 4432 969 4493 etiam'vitam
993 4439 1087 4494 sancti
1109 4429 1262 4496 aldelmi.²

451 4527 596 4585 Robertus
630 4526 795 4582 Gourthous
828 4525 1041 4599 primogenitus
1072 4529 1149 4599 regis
1172 4528 1314 4585 Willelmi
1352 4550 1404 4605 pro
1426 4551 1460 4590 eo

438 4763 445 4795 ¹
468 4761 597 4821 Orcland,
609 4762 645 4812 A.
926 4761 932 4828 l
995 4761 1006 4794 ²
1023 4761 1164 4828 Addelemi,
1175 4763 1210 4816 A.
