3625 5784
412 843 477 906 358
752 855 898 905 aarum
922 855 1108 906 munros

242 1053 298 1132 The
310 1071 364 1106 aar·
424 1043 558 1109 nominc
581 1045 821 1131 procurationis
837 1051 871 1112 et
888 1066 1106 1132 expensarum
1122 1068 1182 1112 sex
1203 1069 1330 1113 marcas
1344 1049 1474 1136 argenti

243 1123 396 1239 ffifflke
420 1145 628 1226 habuerunt3
652 1155 687 1214 et
708 1148 770 1214 hoc
793 1171 835 1214 ex
869 1149 1075 1215 concessione
1107 1149 1227 1236 papali,
1261 1157 1384 1236 praeter
1404 1152 1471 1217 alia

243 1263 354 1318 panum,
417 1249 532 1328 multa,
555 1255 595 1314 ut
621 1251 742 1316 assolet
773 1251 972 1336 cupiditati¹
996 1251 1221 1316 Romanorum
1244 1252 1472 1330 cardinalium,

245 1321 353 1438 iffi
420 1352 506 1418 sicut
528 1375 665 1440 pensare
699 1353 791 1420 scitis
824 1353 1049 1439 multiplicius.
1096 1355 1142 1419 Et
1163 1355 1223 1420 ubi
1245 1355 1471 1442 religiosorum

245 1452 336 1566 fmus
420 1477 601 1542 pauperum
625 1456 678 1522 vel
702 1461 890 1522 sanctarum
910 1457 1104 1522 monialium
1127 1463 1262 1544 propter
1283 1458 1469 1523 exilitatem

246 1533 398 1638 iiiiii?
418 1577 485 1622 non
508 1557 693 1624 sufficerent
726 1581 785 1645 per
807 1579 850 1636 se,
874 1556 1164 1645 adjungebantur²
1186 1560 1234 1624 eis
1256 1561 1470 1646 circumadja-

248 1650 355 1766 El¹¹e¹i⁸¹¹
419 1665 531 1726 centes
554 1660 697 1726 ecclcsiae
720 1658 924 1746 parochiales
947 1660 989 1724 ad
1017 1657 1216 1726 solutionem
1239 1662 1469 1747 peragendam,

246 1731 339 1784 wa
420 1765 468 1828 ita
491 1765 578 1848 quod
602 1763 720 1850 papale
754 1763 966 1850 privilegium
1000 1785 1068 1829 non
1102 1769 1288 1829 remaneret
1318 1785 1461 1830 vacuum

417 1887 477 1932 nec
500 1865 652 1932 deficeret
674 1865 789 1930 obolus
812 1866 848 1929 in
871 1887 1008 1932 summa

740 2169 1138 2179 ———-

813 2399 927 2486 [oaa.
951 2396 1089 2484 v111.]³

415 2575 609 2730 Sequenti
633 2601 712 2644 vero
744 2598 831 2643 anno
860 2599 1012 2642 reversus
1035 2581 1087 2641 est
1116 2574 1229 2641 unus⁴
1254 2598 1367 2642 eorum
1390 2598 1466 2642 cum

496 2685 581 2745 osset
615 2687 695 2746 tunc
729 2701 788 2744 rex
818 2679 854 2744 in
881 2701 1001 2765 guerra
1024 2677 1144 2743 Scotiae
1167 2678 1256 2764 apud
1278 2679 1466 2765 Berwyke⁵

239 2770 361 2888 iim:
412 2785 451 2844 ut
474 2781 515 2846 de
539 2783 714 2869 praemissis
737 2801 931 2866 responsum
947 2780 1116 2865 acciperet
1163 2779 1208 2844 Et
1223 2780 1358 2844 interim
1373 2780 1463 2844 missi

239 2911 311 2954 turns
324 2905 364 2955 ror
413 2883 526 2948 nuncii
549 2885 591 2948 ad
623 2905 732 2970 regem
755 2881 962 2947 Alamanniae
994 2881 1117 2946 reversi
1147 2887 1238 2959 sunt,
1268 2881 1466 2947 nunciantes

238 2968 339 3085 ξξζξῶ
412 2985 499 3070 quod
531 3007 591 3050 nec
625 3006 739 3070 pacem
771 2983 880 3048 voluit
912 3005 972 3048 nec
1004 2981 1110 3046 ullum
1145 3005 1298 3049 amorem.
1344 2982 1465 3068 Sitque

411 3109 559 3152 reversus
604 3085 780 3153 cardinalis
818 3090 852 3150 et
889 3089 1002 3149 tamen
1044 3085 1181 3170 reliquit
1217 3084 1340 3149 ibidem
1389 3090 1465 3150 octo

410 3209 564 3274 personae
602 3189 643 3254 de
681 3189 750 3252 suis
784 3187 977 3253 interfectas
1006 3211 1029 3252 a
1056 3187 1175 3267 scotis,
1207 3186 1265 3271 qui
1298 3186 1341 3250 ad
1373 3209 1462 3272 qute-

410 3291 549 3356 rendum
583 3290 697 3356 fenum
729 3295 763 3355 et
793 3290 904 3376 paleas
926 3288 1004 3354 diefl
1026 3289 1169 3375 quadam
1192 3311 1268 3354 cum
1291 3289 1364 3354 aliis
1387 3311 1462 3375 pro-

409 3393 581 3457 cessissent
603 3397 637 3456 et
659 3393 791 3458 incaute
814 3391 1038 3478 procederent,
1062 3413 1083 3455 a
1105 3391 1214 3456 Sectis
1235 3391 1461 3476 circumspecti

234 3486 396 3604 ffifllggr-
409 3499 490 3558 sunt
517 3499 550 3557 et
573 3493 750 3560 interfecti.
797 3492 991 3578 Iterumque
1021 3513 1182 3578 expensas
1213 3491 1340 3577 occepit
1372 3492 1461 3557 idem

237 3569 357 3693 naphis
410 3593 586 3660 cardinalis
626 3594 780 3660 videlicet
821 3593 1002 3660 secundum
1040 3595 1246 3659 taxationem
1284 3591 1462 3678 Wyntoni-

235 3685 301 3745 ΡΜ·
408 3715 519 3760 ensem
550 3699 584 3760 et
615 3695 887 3780 Lyncolniensem
918 3694 960 3759 ds
990 3716 1187 3780 unaquaque
1218 3715 1328 3759 marca
1361 3695 1406 3779 iij.
1430 3695 1460 3758 d.

406 3795 555 3862 ⁷Eodem
586 3818 674 3862 anno
698 3797 802 3862 clerus
835 3797 1010 3872 dammum,
1042 3798 1131 3862 cives
1152 3799 1295 3871 sextum,
1319 3797 1459 3882 populus

406 3899 463 3985 xij.
499 3899 672 3964 denarium
703 3900 774 3986 regi
813 3899 1038 3966 contulerunt
1084 3899 1208 3963 Eodem
1245 3919 1333 3963 anno
1366 3899 1457 3984 apud

1342 4063 1444 4072 -.—-—

434 4163 441 4194 ¹
461 4163 528 4214 Here
540 4180 573 4214 un
585 4161 684 4228 margin
702 4161 733 4213 of
741 4161 795 4212 MS.
808 4162 869 4226 only
881 4161 902 4212 is
989 4149 999 4180 ⁴
1016 4149 1085 4199 Ηθῐθ
1097 4165 1131 4200 ⁰¹1
1141 4150 1204 4199 both
1215 4149 1328 4214 margins
1340 4150 1363 4202 ia
1383 4149 1457 4200 Unus

402 4243 544 4308 Cupiditas
558 4243 746 4294 Carditmlium.
957 4227 1114 4278 (ῘαῗᾶὶΜῙῐθ
1125 4227 1204 4277 redit?
1212 4243 1263 4292 Pro
1271 4243 1346 4294 puce-

432 4346 671 4415 ²⁰djun93b⁰mn
694 4347 746 4408 A*
780 4345 900 4411 “le-
986 4306 1286 4448 :iiiffliiicfflinw
1312 4383 1334 4434 is
1357 4382 1457 4435 written

399 4427 536 4490 ‘’⁰²⁸'’MS·
951 4463 1039 4515 belom
1075 4462 1194 4528 quadan,
1230 4467 1278 4514 but
1313 4463 1361 4514 has
1391 4465 1457 4514 been

429 4530 488 4582 ³In
507 4530 605 4582 neither
627 4533 683 4582 MS.
705 4530 727 4582 is
749 4531 821 4582 thera
849 4545 899 4594 any
950 4544 1052 4593 emsa,

395 4607 547 4674 numbering
570 4609 600 4658 ot
619 4610 663 4659 the
685 4608 798 4673 chapter,
814 4611 860 4659 bnt
882 4625 899 4658 a
984 4621 1080 4672 ⁷110„
1099 4636 1132 4672 οη
1151 4622 1216 4672 both
1236 4621 1347 4690 margin,
1364 4621 1387 4670 is
1399 4619 1457 4670 Res

395 4687 473 4736 break
486 4685 507 4736 is
519 4689 591 4738 made
611 4687 637 4737 in
654 4687 697 4738 the
715 4689 842 4750 testanti
854 4687 897 4738 the
948 4699 1038 4751 ῥώμη
1049 4699 1166 4752 &dm
1178 4705 1202 4751 οε
1212 4702 1289 4750 „M
1300 4701 1356 4750 :ign
1380 4697 1458 4749 dm.

394 4765 411 4814 S
423 4765 445 4816 is
457 4764 615 4816 illuminatori
627 4765 653 4814 in
664 4765 736 4816 both.
949 4779 1023 4831 rim,
