3625 5784
616 912 885 962 arrersrauusm
908 910 1116 961 onnonrcorr.
1335 900 1398 963 201

345 1098 502 1166 mortem¹
518 1102 634 1188 ipsius.
673 1101 777 1167 Venit
791 1102 905 1186 itaque
920 1123 1095 1168 conversus
1110 1103 1167 1166 ille
1182 1108 1217 1166 et
1231 1101 1400 1188 applausit

345 1203 414 1290 regi
449 1203 536 1269 sicut
570 1209 604 1268 et
642 1203 725 1269 alias
763 1204 868 1269 facere
903 1210 1128 1280 consueverat,
1165 1208 1202 1268 et
1237 1204 1325 1269 dixit
1357 1205 1399 1280 ei,

344 1304 541 1372 “Placetne
571 1307 647 1384 tibi,
679 1327 699 1370 o
737 1328 804 1383 rex,
836 1306 1005 1371 comedere
1036 1306 1077 1371 do
1115 1305 1228 1371 fructu
1259 1306 1401 1371 novol'’
1427 1333 1431 1339 ·

347 1416 364 1442 “
387 1407 527 1486 Placet‚'’
542 1410 660 1495 inquit.
697 1408 820 1473 “Vade
837 1413 871 1474 et
886 1408 995 1475 affer.'’
1032 1409 1190 1494 Tulitque
1212 1413 1399 1495 praeparata
1412 1417 1508 1468 Poison
1520 1418 1543 1467 is

345 1510 426 1596 pira,
467 1517 502 1576 et
541 1512 662 1576 statuit
705 1531 743 1575 ea
783 1531 893 1577 coram
934 1533 1018 1598 rege.
1089 1511 1235 1596 Moxque
1272 1511 1399 1597 lapides
1412 1486 1570 1614 ffilffng

345 1613 482 1699 preciosi
510 1614 568 1698 qui
607 1635 716 1678 coram
753 1635 829 1699 rege
859 1612 992 1678 fuerant
1027 1615 1064 1678 in
1102 1613 1253 1678 sudorem
1291 1619 1399 1679 verte·
1412 1616 1520 1667 income

175 1743 261 1807 Tm,
274 1743 322 1795 ool.
346 1715 490 1780 bantur:
514 1716 559 1781 Et
580 1716 630 1782 ait
653 1738 719 1780 rer.
769 1724 785 1750 “
801 1715 890 1796 Quid
915 1716 1063 1781 attulisti
1078 1717 1209 1780 fraterl
1245 1717 1399 1802 nunquid
1412 1699 1493 1747 pars.

174 1814 252 1860 ²⁴2⁶·
347 1825 365 1852 “
388 1838 552 1883 venenum
567 1817 794 1904 porrexistil”
830 1818 877 1882 At
894 1817 961 1894 ille,
984 1817 1091 1882 “Non
1105 1839 1281 1895 venenum,
1296 1841 1316 1882 o
1331 1841 1399 1896 rex,

348 1927 365 1956 “
387 1922 444 1986 sed
463 1922 608 1986 fructum
638 1919 829 2007 optimum.''
876 1920 923 1985 Et
956 1943 1024 1999 rex,
1048 1921 1246 1999 “Comede‚”
1279 1923 1399 2008 inquit,

348 2029 366 2059 “
389 2021 429 2088 de
442 2021 554 2088 fluctu
570 2020 656 2086 tuo.''
690 2021 835 2108 Moxque
851 2020 1056 2107 apprehenso
1069 2044 1137 2087 uno
1152 2044 1194 2087 ex
1210 2021 1310 2109 piris²
1326 2045 1400 2110 cog·
1413 2036 1452 2086 At
1459 2035 1518 2114 urst

348 2126 428 2191 uitis
444 2125 586 2191 comedit
600 2149 608 2203 ;
632 2122 690 2190 et³
704 2147 773 2202 rex,
789 2131 807 2160 “
820 2123 973 2204 Oomede,
983 2124 999 2150 ''
1017 2125 1136 2210 inquit,
1152 2132 1169 2160 “
1184 2131 1220 2191 et
1231 2126 1400 2204 alterum,'’
1414 2103 1547 2232 dimid?

348 2233 382 2294 ot
397 2227 550 2294 comedit.
586 2225 738 2303 “Adde’'
762 2225 885 2310 inquit,
911 2231 973 2291 “et
997 2226 1162 2305 tertium,''
1185 2233 1220 2292 et
1246 2227 1324 2294 fecit
1347 2229 1401 2293 sio
1415 2206 1544 2285 butisie·

349 2329 420 2396 Nec
444 2351 479 2394 se
503 2327 644 2394 ulterius
666 2327 779 2414 potuit
808 2327 984 2420 continere
1007 2349 1076 2406 rex,
1102 2328 1306 2415 apprehenso
1336 2350 1404 2395 uno
1415 2303 1528 2352 assumo.

349 2453 393 2498 ex
426 2430 598 2496 venenatis
629 2430 780 2506 comedit,
803 2434 837 2495 et
868 2429 984 2496 eadem
1015 2435 1113 2495 nocte
1144 2433 1313 2496 extinctus
1344 2436 1403 2496 est.

351 2532 422 2600 Nec
436 2537 549 2598 tamen
571 2532 672 2618 periit
694 2552 872 2596 conversus
891 2531 949 2596 sed
971 2531 1061 2597 inter
1083 2553 1200 2598 manus
1219 2533 1403 2598 eorundum

350 2639 423 2700 turn
448 2634 595 2721 dilapsus
619 2638 678 2711 est,
707 2632 928 2719 liberavitque
951 2634 1032 2700 deus
1054 2655 1113 2720 per
1146 2641 1286 2700 mortem
1320 2635 1406 2721 regis

350 2737 459 2822 iniqui
475 2735 666 2822 praedictam
688 2733 972 2802 sanctimonialem
988 2756 1142 2822 sponsam
1165 2757 1258 2801 suam
1273 2757 1295 2800 a
1309 2757 1405 2816 novo,

350 2845 390 2904 ut
406 2839 559 2918 creditur,
576 2858 695 2924 sponso
711 2836 850 2902 diabolo.
891 2837 1025 2903 Mortuo
1048 2839 1164 2923 itaque
1178 2839 1202 2903 J
1202 2837 1333 2903 ohanne
1349 2836 1406 2903 et⁴
1418 2836 1473 2916 rho
1484 2834 1547 2912 *5¹¹8

350 2942 398 3007 sic
420 2941 577 3016 extincte,
593 2939 728 3004 tandem
751 2938 961 3026 postmodum
977 2940 1128 3026 sepultus
1149 2946 1200 3004 est
1215 2938 1406 3026 Wygorniae
1418 2905 1542 3020 iiiii?

350 3043 405 3107 die
427 3041 534 3106 saneti
572 3039 668 3106 Lucas
691 3039 915 3126 Evangelistae
945 3061 1032 3105 anno
1055 3041 1181 3107 domini
1203 3057 1345 3108 uccxvl.
1371 3043 1505 3106 etm-

351 3144 443 3230 regni
466 3143 519 3208 sui
541 3164 629 3208 anno
651 3142 735 3226 xvij.
783 3141 967 3230 saplutus?
990 3143 1065 3208 dico
1084 3148 1135 3208 est
1158 3144 1216 3208 sed
1238 3165 1306 3209 non
1329 3166 1403 3209 curn
1420 3128 1485 3177 ΑΒ·
1500 3131 1574 3178 ¹²¹⁶·

351 3246 482 3322 honoro,
514 3245 593 3332 quia
634 3249 723 3310 terra
765 3266 839 3329 quae
885 3245 923 3308 in
962 3244 1116 3330 operibus
1153 3245 1225 3331 ejus
1255 3245 1404 3331 pessimis

352 3348 488 3413 turbata
509 3346 625 3412 extitit
657 3344 807 3411 nondum
837 3345 879 3410 ad
902 3345 1040 3431 plenum
1063 3347 1236 3432 pacificata
1264 3348 1402 3433 quievit.
1417 3363 1481 3442 ors

353 3449 511 3516 Sacerdos
566 3449 701 3534 quidam
757 3448 815 3532 qui
868 3449 938 3534 regi
987 3447 1135 3513 Johanni
1195 3449 1404 3516 familiariter
1417 3431 1563 3549 9³¹²⁸gdwf¹¹⁰

351 3552 536 3617 adhaeserat
569 3551 605 3614 in
638 3549 711 3614 vita
743 3570 811 3626 sua,
836 3554 910 3635 post
941 3557 1081 3615 mortem
1114 3552 1186 3637 ejus
1217 3551 1260 3616 ab
1292 3574 1403 3619 amore
1417 3513 1565 3642 didiceram

352 3655 456 3739 ipsius
497 3673 565 3717 non
613 3655 664 3717 est
701 3673 742 3716 ex
780 3656 852 3716 toto
887 3658 1068 3739 separatus.
1128 3653 1278 3719 Proiuais
1312 3655 1402 3720 enim
1418 3633 1490 3698 Μ·

352 3755 496 3821 lacrimis
519 3759 554 3819 et
580 3753 732 3840 precibus
755 3753 870 3818 multis
894 3755 993 3819 deum
1023 3753 1216 3841 frequenter
1237 3758 1405 3836 exorabat,

352 3859 443 3923 utsi
475 3856 547 3941 ejus
581 3854 737 3920 voluntas
769 3859 855 3921 esset
888 3856 1118 3922 ostenderetur
1155 3859 1218 3923 sibi
1249 3859 1286 3923 in
1309 3861 1404 3947 signo

354 3957 465 4044 aliquo
491 3961 606 4022 utrum
638 3977 712 4022 cum
736 3957 847 4022 anime
880 3957 1006 4023 domini
1040 3959 1093 4023 sui
1120 3959 1324 4045 judicialiter
1349 3961 1402 4026 vel

354 4059 610 4127 misericorditer
631 4064 792 4146 ageretur.
839 4059 990 4146 Cumque
1014 4061 1073 4126 diu
1093 4062 1130 4125 in
1145 4061 1207 4128 hac
1229 4062 1403 4129 voluntate

389 4286 485 4338 ¹Here
503 4303 538 4338 ou
559 4287 603 4337 the
625 4285 723 4352 margin
741 4287 770 4338 ol
791 4287 857 4350 MS„
940 4287 1001 4338 ’er
1020 4289 1100 4355 piris]
1127 4289 1195 4339 from
1217 4292 1268 4351 A.;
1293 4293 1410 4357 mpii-is,

354 4369 401 4418 but
428 4365 533 4416 without
555 4380 606 4430 any
628 4365 770 4416 connexion
797 4365 856 4416 with
908 4367 963 4416 MS.

357 4447 534 4498 thatextis—
940 4443 1001 4505 ³rt,
1014 4447 1064 4504 Aa
1083 4459 1133 4494 om.
1143 4446 1199 4496 MS.

426 4525 499 4575 Ordo
526 4524 701 4574 hamaicorum
724 4525 859 4574 Ausliaio-
941 4523 1007 4588 4εἰ]
1027 4538 1076 4573 om.
1096 4524 1163 4584 MS„
1184 4524 1233 4574 but
1248 4525 1269 4574 it
1284 4541 1365 4578 seems
1383 4533 1410 4580 to

457 4621 543 4663 norum
564 4605 658 4668 incepit
668 4603 772 4654 circiter
785 4603 858 4654 AJ).
908 4602 941 4651 be
951 4600 979 4650 in
990 4604 1023 4651 A.

457 4699 563 4732 norw.
886 4703 887 4708 ¹
943 4679 953 4710 ⁵
973 4677 1100 4745 sepultam
1110 4681 1163 4740 A.;
1182 4680 1295 4746 Sopatro,
1306 4684 1360 4735 MS.

429 4761 500 4814 Ordo
538 4757 733 4810 Comoelitarum
766 4760 859 4826 incepit

459 4840 562 4889 circiter
574 4838 647 4889 ΑΙ).
659 4855 753 4888 nerra
