3625 5784
620 908 890 961 nssossrnsnsu
914 913 1124 964 canonicos.
1339 901 1403 964 213

350 1104 520 1170 manicavit,
556 1104 686 1161 studium
710 1107 917 1163 Universitstis
948 1110 1110 1182 suspendit,
1134 1111 1226 1167 donec
1257 1110 1345 1167 abbas
1368 1119 1400 1168 et

348 1195 480 1249 canonici
504 1195 540 1250 de
564 1185 698 1268 Osneya¹
721 1215 780 1251 una
803 1215 870 1252 cum
903 1199 1051 1269 magistris
1074 1199 1194 1255 Oxoniae
1226 1200 1397 1271 regentibus

346 1282 505 1339 discalciati
534 1291 565 1340 et
596 1285 731 1340 discincti
770 1304 820 1356 per
859 1287 987 1343 medium
1024 1287 1184 1344 Londonire
1218 1291 1396 1356 incedentes.

344 1371 422 1443 apud
444 1373 604 1445 hospitium
627 1375 717 1445 legati
739 1377 854 1430 veniam
879 1376 927 1432 vix
950 1376 1098 1432 haberent

389 1461 498 1518 Eodem
521 1480 600 1518 anno
622 1464 741 1535 quidam
764 1464 996 1536 pseudoclericus
1014 1467 1193 1522 infatuatum
1208 1487 1239 1523 se
1263 1469 1395 1525 similans

345 1556 458 1606 secreta
479 1554 569 1623 regioe
592 1553 681 1608 curioe
706 1553 877 1625 exploravit.
902 1573 1049 1610 cameram
1071 1557 1150 1627 regis
1172 1557 1293 1612 Hen'rici
1317 1559 1396 1629 apud

347 1639 501 1696 Wodstoko
525 1659 577 1714 per
600 1642 757 1697 fenestram
779 1645 929 1713 ingressus
952 1651 997 1700 est
1018 1651 1053 1699 ut
1074 1663 1174 1716 regem
1198 1647 1393 1715 interficeret;

343 1730 395 1785 sed
418 1730 455 1784 ad
477 1731 632 1786 clamorem
656 1729 807 1800 cnjusdam
831 1739 940 1788 sanctae
975 1735 1106 1789 mulieris
1137 1735 1316 1808 interceptus
1338 1744 1394 1803 est,

344 1825 374 1876 et
397 1819 474 1890 apud
497 1819 702 1876 Ocrentreiam
726 1810 906 1876 distractus,2

388 1909 484 1964 Natus
520 1914 565 1964 est
602 1901 785 1964 Edwardus³
806 1911 1019 1982 primogenitus
1052 1912 1130 1982 regis
1162 1912 1283 1968 Henrici
1316 1914 1395 1984 apud

344 1997 646 2066 westmonasterium,
680 2016 766 2070 quem
805 2000 965 2071 baptisavit
1002 1993 1187 2056 ottobonus*
1218 2001 1333 2072 legatus
1365 2009 1396 2058 ct

344 2087 528 2142 confirmavit
575 2088 745 2142 Edmnndns
790 2089 1030 2160 archiepiscopus.
1078 2090 1155 2144 fieris
1206 2091 1394 2148 Tartarorum

343 2177 469 2232 subactis
493 2177 682 2232 orientalibus
705 2179 863 2248 provinciis
894 2179 926 2232 in
949 2177 1007 2233 dno
1029 2197 1059 2234 se
1082 2182 1201 2250 agmina
1223 2180 1395 2248 diviserunt,

344 2284 468 2338 quarum
492 2284 551 2321 uua
584 2285 651 2338 pars
675 2267 859 2337 Hungariam
883 2275 913 2322 et
936 2267 1117 2324 Pannoniam
1148 2271 1191 2323 ita
1212 2270 1339 2336 attrivit,
1362 2275 1397 2326 ut

346 2357 400 2412 viri
423 2361 509 2412 terrae
533 2356 613 2411 illius
635 2373 737 2412 cariam
760 2357 887 2412 filiorum
911 2374 1029 2412 snorum
1052 2357 1245 2414 comederent

391 2445 553 2501 Gelestinus
570 2444 624 2516 iiij.
653 2449 719 2516 post
741 2445 916 2516 Gregorium
935 2446 972 2502 ix.
997 2446 1073 2502 sedit
1095 2465 1172 2518 papa
1198 2465 1298 2504 mense
1323 2466 1393 2514 uno,

344 2539 375 2591 et
396 2535 512 2591 vacavit
534 2535 615 2590 sedes
636 2552 687 2606 per
707 2553 835 2600 annum;
861 2540 1031 2606 postquem
1051 2535 1190 2591 successit
1205 2537 1396 2592 Innocentius

347 2623 399 2692 iili.
423 2624 475 2696 qui
497 2623 572 2679 sedit
595 2623 680 2679 annis
703 2622 740 2692 xj.
765 2624 911 2678 mensibus
935 2623 974 2694 vj.
1019 2625 1118 2680 Allata
1136 2630 1180 2679 ost
1196 2625 1226 2679 in
1242 2625 1396 2681 Francicus

345 2715 446 2786 spinea
483 2731 589 2769 corona
627 2711 789 2767 salvatoris.
848 2713 1010 2768 Ottobonus
1048 2714 1184 2769 recedens
1216 2714 1253 2768 ab
1286 2715 1397 2784 Anglin

345 2808 447 2875 captus
469 2807 514 2857 est
536 2802 568 2857 in
591 2802 665 2857 mari
688 2801 724 2856 ab
743 2802 910 2857 hominibus
929 2802 1118 2872 imperatoris.
1165 2803 1228 2858 Rex
1251 2804 1398 2858 Henricus

345 2892 423 2963 apud
457 2891 598 2948 Castriam
633 2891 755 2945 intravit
787 2891 934 2955 walliam,
968 2897 999 2946 et
1028 2890 1106 2963 apud
1128 2883 1280 2948 Rutelan⁵
1301 2892 1398 2948 David

346 2981 427 3036 vonit
448 2981 486 3036 ad
508 2999 583 3037 eum.

388 3073 453 3127 Hoc
476 3085 553 3127 anno
576 3069 649 3125 obiit
672 3075 789 3126 sanctus
813 3069 986 3124 Edmundus
1009 3069 1088 3140 apud
1110 3067 1325 3136 Pontiniacnm,
1349 3071 1398 3126 cui

345 3159 483 3216 successit
499 3161 529 3214 iu
539 3157 818 3230 archiepiscopatum
830 3157 1007 3214 Bonifecius.
1042 3157 1100 3213 Hic
1116 3158 1213 3230 itaque
1225 3159 1399 3214 Edmundus

346 3249 425 3322 apud
453 3249 660 3322 Abyndoniam
680 3247 765 3320 juxta
789 3247 931 3304 Oxcniam
955 3246 1106 3313 oriundus,
1129 3253 1265 3319 parentes
1294 3248 1399 3304 habuit

348 3339 505 3410 religiosos,
529 3338 665 3393 videlicet
688 3343 800 3409 putrem
832 3335 1007 3392 Edwardum
1031 3341 1225 3407 cognomento
1255 3337 1397 3403 Divitem,

346 3429 396 3501 qui
419 3429 454 3484 de
470 3445 611 3484 consensu
635 3425 770 3498 conjugis
792 3425 870 3497 apud
886 3414 1066 3498 Ewysham⁸
1086 3425 1179 3481 vitam
1201 3426 1288 3482 duxit
1309 3445 1398 3498 regn·

348 3520 453 3574 larem:
477 3524 508 3572 et
526 3521 650 3572 matrem
671 3515 836 3579 Matildsm,
857 3533 924 3586 quae
939 3514 1035 3569 cilicio
1057 3521 1088 3570 et
1105 3515 1195 3570 lorica
1214 3513 1327 3587 jugiter
1347 3534 1400 3574 usa

347 3607 378 3662 in
401 3625 487 3662 carne
509 3612 611 3662 contra
633 3621 748 3660 carnem
779 3603 930 3658 militarit.
976 3603 1071 3658 Natus
1101 3603 1195 3674 igitur
1226 3605 1399 3661 Edmund'us

346 3697 383 3752 ab
406 3695 486 3752 omni
510 3695 683 3765 contagione
703 3692 832 3748 infantili
856 3692 994 3757 mundus,
1018 3710 1069 3764 per
1089 3698 1184 3748 totum
1203 3692 1280 3750 diem
1304 3694 1398 3750 sancti

349 3785 497 3842 Edmundi
526 3783 604 3855 regis
635 3788 665 3837 et
695 3783 832 3854 martyris
859 3799 916 3853 quo
947 3780 1057 3853 prodiit
1087 3781 1118 3836 in
1141 3783 1235 3838 lucem
1265 3801 1284 3838 a
1314 3802 1399 3839 mane

348 3892 439 3946 usque
470 3874 507 3929 ed
534 3889 681 3945 vesperam
701 3869 796 3942 jacuit
820 3871 902 3942 quasi
925 3870 1076 3935 exanimis,
1100 3871 1143 3926 ita
1165 3871 1243 3942 qued
1272 3877 1399 3929 astantes

349 3981 415 4020 enm
435 3962 591 4036 sepultura
610 3960 843 4024 demandassent,
861 3959 920 4015 nisi
935 3958 1090 4014 consilium
1105 3960 1208 4016 matris
1230 3960 1399 4019 obstitisset.

349 4054 477 4111 Vocatus
496 4058 541 4109 est
558 4056 657 4106 autem
673 4049 844 4105 Edmundus
860 4048 937 4120 quod
952 4055 1036 4104 senat
1059 4049 1173 4104 felicem
1194 4053 1225 4104 et
1243 4050 1397 4117 mundum,

349 4161 383 4200 oo
406 4141 483 4214 qnod
508 4141 556 4196 die
586 4138 680 4194 sancti
710 4137 859 4194 lldmuudi
880 4143 967 4193 natus
989 4138 1038 4204 sit,
1061 4137 1182 4210 etquis
1204 4133 1275 4192 dum
1305 4144 1399 4194 mater

349 4250 385 4290 ex
406 4249 440 4287 eo
462 4229 584 4303 gravida
602 4229 640 4284 cd
661 4227 791 4283 tumbam
806 4226 898 4282 sancti
921 4225 1069 4282 Edmundi
1085 4226 1238 4298 peregrina
1254 4240 1397 4292 exoraret,

350 4321 448 4376 vitalis
470 4320 590 4393 spiritus
610 4317 755 4390 primitias
779 4317 809 4371 in
832 4333 866 4371 eo
890 4315 1089 4389 deprehendit.
1135 4315 1193 4370 Hic
1214 4331 1314 4370 sensus
1333 4333 1400 4372 suos

385 4585 391 4618 ¹
413 4585 538 4650 Oeeneyn,
550 4584 627 4650 lligd.
936 4579 946 4609 ⁴
968 4577 1045 4636 orto,
1057 4576 1135 4640 lligd.

383 4666 394 4702 ²
413 4673 436 4715 el
447 4681 590 4729 mensus,
602 4662 659 4711 add.
673 4659 750 4724 lligd.
934 4654 944 4686 ⁵
963 4651 1105 4714 Ratliefuu,
1127 4652 1213 4719 fligi„
1234 4655 1286 4704 and
1308 4655 1399 4710 luseris

384 4747 481 4812 ’‘Here
500 4763 534 4796 on
551 4743 614 4794 both
632 4740 744 4806 margins
761 4741 782 4789 is
795 4737 849 4790 Ed·
898 4735 1023 4798 princeps·
1035 4731 1121 4782 before
1134 4731 1232 4782 David.

352 4829 453 4882 icardus
464 4832 541 4880 actua
553 4829 599 4876 est.
933 4812 942 4845 ⁶
960 4811 1096 4873 Evesbna,
1109 4812 1187 4880 Higd.
