<?xml version="1.0" encoding="UTF-8"?>
<!DOCTYPE html PUBLIC "-//W3C//DTD XHTML 1.0 Transitional//EN"
    "http://www.w3.org/TR/xhtml1/DTD/xhtml1-transitional.dtd">
<html xmlns="http://www.w3.org/1999/xhtml" xml:lang="en" lang="en">
 <head>
  <title>
</title>
<meta http-equiv="Content-Type" content="text/html;charset=utf-8" />
  <meta name='ocr-system' content='tesseract 3.04.00' />
  <meta name='ocr-capabilities' content='ocr_page ocr_carea ocr_par ocr_line ocrx_word'/>
</head>
<body>
  <div class='ocr_page' id='page_1' title='image "./chroniconhenric00lumbgoog_0213.png"; bbox 0 0 3625 5784; ppageno 0'>
   <div class='ocr_carea' id='block_1_1' title="bbox 419 851 1131 916">
    <p class='ocr_par' dir='ltr' id='par_1_1' title="bbox 419 851 1131 916">
     <span class='ocr_line' id='line_1_1' title="bbox 419 851 1131 916; baseline 0 -2"><span class='ocrx_word' id='word_1_1' title='bbox 419 851 484 914; x_wconf 81' lang='lat'><strong>190</strong></span> <span class='ocrx_word' id='word_1_2' title='bbox 777 865 924 916; x_wconf 77' lang='lat' dir='ltr'><strong>seruum</strong></span> <span class='ocrx_word' id='word_1_3' title='bbox 948 865 1131 916; x_wconf 76' lang='lat' dir='ltr'><strong>numurus</strong></span> 
     </span>
    </p>
   </div>
   <div class='ocr_carea' id='block_1_2' title="bbox 247 1051 1478 4303">
    <p class='ocr_par' dir='ltr' id='par_1_2' title="bbox 247 1051 1478 4303">
     <span class='ocr_line' id='line_1_2' title="bbox 420 1051 1474 1139; baseline 0.001 -24"><span class='ocrx_word' id='word_1_4' title='bbox 420 1051 547 1117; x_wconf 86' lang='lat' dir='ltr'><strong>hannes</strong></span> <span class='ocrx_word' id='word_1_5' title='bbox 581 1052 767 1138; x_wconf 87' lang='lat' dir='ltr'><strong>appellatus</strong></span> <span class='ocrx_word' id='word_1_6' title='bbox 790 1053 922 1120; x_wconf 84' lang='lat' dir='ltr'><strong>suited</strong></span> <span class='ocrx_word' id='word_1_7' title='bbox 944 1052 1069 1119; x_wconf 82' lang='lat' dir='ltr'><strong>curiam</strong></span> <span class='ocrx_word' id='word_1_8' title='bbox 1093 1051 1180 1138; x_wconf 85' lang='lat' dir='ltr'><strong>regis</strong></span> <span class='ocrx_word' id='word_1_9' title='bbox 1202 1051 1352 1117; x_wconf 79' lang='lat' dir='ltr'><strong>Franeiae</strong></span> <span class='ocrx_word' id='word_1_10' title='bbox 1374 1073 1474 1139; x_wconf 89' lang='lat' dir='ltr'><strong>super</strong></span> 
     </span>
     <span class='ocr_line' id='line_1_3' title="bbox 249 1153 1470 1241; baseline 0.002 -26"><span class='ocrx_word' id='word_1_11' title='bbox 249 1165 363 1241; x_wconf 36' lang='lat' dir='ltr'><strong>laqueet,</strong></span> <span class='ocrx_word' id='word_1_12' title='bbox 420 1157 559 1218; x_wconf 88' lang='lat' dir='ltr'><strong>mortem</strong></span> <span class='ocrx_word' id='word_1_13' title='bbox 583 1153 724 1218; x_wconf 88' lang='lat' dir='ltr'><strong>Arthuri</strong></span> <span class='ocrx_word' id='word_1_14' title='bbox 746 1155 875 1241; x_wconf 87' lang='lat' dir='ltr'><strong>nepotis</strong></span> <span class='ocrx_word' id='word_1_15' title='bbox 905 1154 958 1219; x_wconf 91' lang='lat' dir='ltr'><strong>sui</strong></span> <span class='ocrx_word' id='word_1_16' title='bbox 980 1153 1041 1218; x_wconf 89' lang='lat' dir='ltr'><strong>filii</strong></span> <span class='ocrx_word' id='word_1_17' title='bbox 1065 1154 1195 1220; x_wconf 83' lang='lat' dir='ltr'><strong>comitis</strong></span> <span class='ocrx_word' id='word_1_18' title='bbox 1226 1154 1413 1220; x_wconf 84' lang='lat' dir='ltr'><strong>Britannire</strong></span> <span class='ocrx_word' id='word_1_19' title='bbox 1435 1159 1470 1219; x_wconf 90' lang='lat' dir='ltr'><strong>et</strong></span> 
     </span>
     <span class='ocr_line' id='line_1_4' title="bbox 247 1245 1474 1346; baseline -0.001 -26"><span class='ocrx_word' id='word_1_20' title='bbox 247 1245 401 1346; x_wconf 57' lang='lat' dir='ltr'><strong>ppprffig</strong></span> <span class='ocrx_word' id='word_1_21' title='bbox 419 1254 530 1320; x_wconf 78' lang='lat' dir='ltr'><strong>fratris</strong></span> <span class='ocrx_word' id='word_1_22' title='bbox 545 1255 606 1334; x_wconf 87' lang='lat' dir='ltr'><strong>sui,</strong></span> <span class='ocrx_word' id='word_1_23' title='bbox 618 1277 676 1341; x_wconf 89' lang='lat' dir='ltr'><strong>per</strong></span> <span class='ocrx_word' id='word_1_24' title='bbox 685 1256 861 1341; x_wconf 78' lang='lat' dir='ltr'><strong>quemdam</strong></span> <span class='ocrx_word' id='word_1_25' title='bbox 874 1255 1012 1320; x_wconf 89' lang='lat' dir='ltr'><strong>militem</strong></span> <span class='ocrx_word' id='word_1_26' title='bbox 1025 1255 1287 1322; x_wconf 83' lang='lat' dir='ltr'><strong>strenuissimum</strong></span> <span class='ocrx_word' id='word_1_27' title='bbox 1302 1259 1474 1342; x_wconf 84' lang='lat' dir='ltr'><strong>parentem</strong></span> 
     </span>
     <span class='ocr_line' id='line_1_5' title="bbox 248 1357 1473 1444; baseline -0.001 -21"><span class='ocrx_word' id='word_1_28' title='bbox 248 1362 278 1412; x_wconf 82' lang='lat' dir='ltr'><strong>or</strong></span> <span class='ocrx_word' id='word_1_29' title='bbox 287 1363 392 1412; x_wconf 65' lang='lat' dir='ltr'><strong>Annus.</strong></span> <span class='ocrx_word' id='word_1_30' title='bbox 419 1359 607 1444; x_wconf 85' lang='lat' dir='ltr'><strong>proximum</strong></span> <span class='ocrx_word' id='word_1_31' title='bbox 632 1359 778 1443; x_wconf 88' lang='lat' dir='ltr'><strong>ejusdem</strong></span> <span class='ocrx_word' id='word_1_32' title='bbox 801 1357 951 1436; x_wconf 86' lang='lat' dir='ltr'><strong>Arthuri‚</strong></span> <span class='ocrx_word' id='word_1_33' title='bbox 975 1363 1009 1423; x_wconf 87' lang='lat' dir='ltr'><strong>et</strong></span> <span class='ocrx_word' id='word_1_34' title='bbox 1033 1359 1111 1444; x_wconf 87' lang='lat' dir='ltr'><strong>quia</strong></span> <span class='ocrx_word' id='word_1_35' title='bbox 1132 1363 1270 1424; x_wconf 75' lang='lat' dir='ltr'><strong>voratus</strong></span> <span class='ocrx_word' id='word_1_36' title='bbox 1296 1379 1365 1423; x_wconf 91' lang='lat' dir='ltr'><strong>non</strong></span> <span class='ocrx_word' id='word_1_37' title='bbox 1387 1379 1473 1424; x_wconf 87' lang='lat' dir='ltr'><strong>eom—</strong></span> 
     </span>
     <span class='ocr_line' id='line_1_6' title="bbox 420 1459 1474 1546; baseline 0 -22"><span class='ocrx_word' id='word_1_38' title='bbox 420 1461 539 1545; x_wconf 80' lang='lat' dir='ltr'><strong>paruit,</strong></span> <span class='ocrx_word' id='word_1_39' title='bbox 563 1459 678 1527; x_wconf 86' lang='lat' dir='ltr'><strong>saisita</strong></span> <span class='ocrx_word' id='word_1_40' title='bbox 700 1461 766 1526; x_wconf 89' lang='lat' dir='ltr'><strong>fuit</strong></span> <span class='ocrx_word' id='word_1_41' title='bbox 795 1460 831 1524; x_wconf 91' lang='lat' dir='ltr'><strong>in</strong></span> <span class='ocrx_word' id='word_1_42' title='bbox 854 1482 955 1525; x_wconf 85' lang='lat' dir='ltr'><strong>manu</strong></span> <span class='ocrx_word' id='word_1_43' title='bbox 986 1461 1070 1546; x_wconf 87' lang='lat' dir='ltr'><strong>regis</strong></span> <span class='ocrx_word' id='word_1_44' title='bbox 1093 1459 1243 1526; x_wconf 83' lang='lat' dir='ltr'><strong>Franeiae</strong></span> <span class='ocrx_word' id='word_1_45' title='bbox 1265 1459 1474 1526; x_wconf 86' lang='lat' dir='ltr'><strong>Nermannia</strong></span> 
     </span>
     <span class='ocr_line' id='line_1_7' title="bbox 250 1562 1471 1648; baseline -0.004 -17"><span class='ocrx_word' id='word_1_46' title='bbox 250 1581 398 1644; x_wconf 71' lang='lat' dir='ltr'><strong>Nor-mansy</strong></span> <span class='ocrx_word' id='word_1_47' title='bbox 419 1562 595 1628; x_wconf 74' lang='lat' dir='ltr'><strong>haereditas</strong></span> <span class='ocrx_word' id='word_1_48' title='bbox 618 1584 685 1640; x_wconf 88' lang='lat' dir='ltr'><strong>sua,</strong></span> <span class='ocrx_word' id='word_1_49' title='bbox 708 1562 894 1648; x_wconf 77' lang='lat' dir='ltr'><strong>iterumque</strong></span> <span class='ocrx_word' id='word_1_50' title='bbox 917 1563 1040 1627; x_wconf 88' lang='lat' dir='ltr'><strong>citatus</strong></span> <span class='ocrx_word' id='word_1_51' title='bbox 1064 1583 1139 1627; x_wconf 87' lang='lat' dir='ltr'><strong>eum</strong></span> <span class='ocrx_word' id='word_1_52' title='bbox 1168 1582 1237 1626; x_wconf 87' lang='lat' dir='ltr'><strong>non</strong></span> <span class='ocrx_word' id='word_1_53' title='bbox 1267 1567 1471 1648; x_wconf 83' lang='lat' dir='ltr'><strong>compareret</strong></span> 
     </span>
     <span class='ocr_line' id='line_1_8' title="bbox 250 1647 1470 1764; baseline -0.004 -34"><span class='ocrx_word' id='word_1_54' title='bbox 250 1647 377 1764; x_wconf 53' lang='lat' dir='ltr'><strong>{egffiebff</strong></span> <span class='ocrx_word' id='word_1_55' title='bbox 419 1685 457 1730; x_wconf 88' lang='lat' dir='ltr'><strong>eo</strong></span> <span class='ocrx_word' id='word_1_56' title='bbox 493 1665 581 1750; x_wconf 89' lang='lat' dir='ltr'><strong>quod</strong></span> <span class='ocrx_word' id='word_1_57' title='bbox 619 1665 745 1730; x_wconf 76' lang='lat' dir='ltr'>sciebat</span> <span class='ocrx_word' id='word_1_58' title='bbox 781 1663 946 1750; x_wconf 82' lang='lat' dir='ltr'><strong>judicium</strong></span> <span class='ocrx_word' id='word_1_59' title='bbox 984 1663 1049 1728; x_wconf 84' lang='lat' dir='ltr'>sibi</span> <span class='ocrx_word' id='word_1_60' title='bbox 1076 1663 1148 1728; x_wconf 90' lang='lat' dir='ltr'><strong>fieri</strong></span> <span class='ocrx_word' id='word_1_61' title='bbox 1183 1664 1220 1727; x_wconf 92' lang='lat' dir='ltr'><strong>in</strong></span> <span class='ocrx_word' id='word_1_62' title='bbox 1243 1669 1384 1729; x_wconf 88' lang='lat' dir='ltr'><strong>mortem</strong></span> <span class='ocrx_word' id='word_1_63' title='bbox 1414 1662 1470 1727; x_wconf 87' lang='lat' dir='ltr'><strong>vel</strong></span> 
     </span>
     <span class='ocr_line' id='line_1_9' title="bbox 350 1751 1473 1853; baseline -0.005 -19"><span class='ocrx_word' id='word_1_64' title='bbox 350 1751 355 1763; x_wconf 50' lang='lat'>⁸</span> <span class='ocrx_word' id='word_1_65' title='bbox 418 1767 651 1846; x_wconf 84' lang='lat' dir='ltr'><strong>confusionem,</strong></span> <span class='ocrx_word' id='word_1_66' title='bbox 671 1767 797 1853; x_wconf 88' lang='lat' dir='ltr'><strong>judieio</strong></span> <span class='ocrx_word' id='word_1_67' title='bbox 829 1767 929 1832; x_wconf 82' lang='lat' dir='ltr'><strong>eurise</strong></span> <span class='ocrx_word' id='word_1_68' title='bbox 952 1766 1041 1831; x_wconf 88' lang='lat' dir='ltr'><strong>illius</strong></span> <span class='ocrx_word' id='word_1_69' title='bbox 1076 1767 1222 1853; x_wconf 76' lang='lat' dir='ltr'><strong>perdidit</strong></span> <span class='ocrx_word' id='word_1_70' title='bbox 1254 1789 1326 1832; x_wconf 89' lang='lat' dir='ltr'><strong>eam</strong></span> <span class='ocrx_word' id='word_1_71' title='bbox 1355 1771 1473 1830; x_wconf 73' lang='lat' dir='ltr'><strong>tetam.</strong></span> 
     </span>
     <span class='ocr_line' id='line_1_10' title="bbox 419 1867 1473 1956; baseline -0.002 -22"><span class='ocrx_word' id='word_1_72' title='bbox 419 1869 614 1935; x_wconf 86' lang='lat' dir='ltr'><strong>Veseoniem</strong></span> <span class='ocrx_word' id='word_1_73' title='bbox 639 1869 740 1935; x_wconf 84' lang='lat' dir='ltr'><strong>etiam</strong></span> <span class='ocrx_word' id='word_1_74' title='bbox 770 1889 845 1934; x_wconf 87' lang='lat' dir='ltr'><strong>eum</strong></span> <span class='ocrx_word' id='word_1_75' title='bbox 869 1890 929 1934; x_wconf 84' lang='lat' dir='ltr'><strong>rex</strong></span> <span class='ocrx_word' id='word_1_76' title='bbox 956 1867 1104 1934; x_wconf 82' lang='lat' dir='ltr'><strong>Franeiae</strong></span> <span class='ocrx_word' id='word_1_77' title='bbox 1127 1890 1186 1956; x_wconf 87' lang='lat' dir='ltr'><strong>per</strong></span> <span class='ocrx_word' id='word_1_78' title='bbox 1208 1891 1284 1935; x_wconf 88' lang='lat' dir='ltr'><strong>suos</strong></span> <span class='ocrx_word' id='word_1_79' title='bbox 1313 1889 1473 1954; x_wconf 89' lang='lat' dir='ltr'><strong>oeeupare</strong></span> 
     </span>
     <span class='ocr_line' id='line_1_11' title="bbox 250 1971 1469 2066; baseline -0.001 -30"><span class='ocrx_word' id='word_1_80' title='bbox 250 1989 324 2066; x_wconf 63' lang='lat' dir='ltr'><strong>Seme</strong></span> <span class='ocrx_word' id='word_1_81' title='bbox 420 1973 528 2050; x_wconf 83' lang='lat' dir='ltr'><strong>vellet,</strong></span> <span class='ocrx_word' id='word_1_82' title='bbox 552 1973 704 2058; x_wconf 88' lang='lat' dir='ltr'><strong>pervenit</strong></span> <span class='ocrx_word' id='word_1_83' title='bbox 726 1971 781 2036; x_wconf 89' lang='lat' dir='ltr'><strong>ille</strong></span> <span class='ocrx_word' id='word_1_84' title='bbox 803 1971 974 2037; x_wconf 87' lang='lat' dir='ltr'><strong>Johannes</strong></span> <span class='ocrx_word' id='word_1_85' title='bbox 996 1977 1031 2037; x_wconf 89' lang='lat' dir='ltr'><strong>et</strong></span> <span class='ocrx_word' id='word_1_86' title='bbox 1060 1971 1174 2057; x_wconf 83' lang='lat' dir='ltr'><strong>ejectis</strong></span> <span class='ocrx_word' id='word_1_87' title='bbox 1208 1971 1343 2039; x_wconf 78' lang='lat' dir='ltr'><strong>Francis</strong></span> <span class='ocrx_word' id='word_1_88' title='bbox 1367 1991 1469 2057; x_wconf 87' lang='lat' dir='ltr'><strong>quan-</strong></span> 
     </span>
     <span class='ocr_line' id='line_1_12' title="bbox 251 2053 1471 2170; baseline -0.003 -29"><span class='ocrx_word' id='word_1_89' title='bbox 251 2053 396 2170; x_wconf 55' lang='lat' dir='ltr'><strong>}ffiv‘ffr</strong></span> <span class='ocrx_word' id='word_1_90' title='bbox 420 2079 493 2140; x_wconf 91' lang='lat' dir='ltr'><strong>tum</strong></span> <span class='ocrx_word' id='word_1_91' title='bbox 509 2075 654 2160; x_wconf 91' lang='lat' dir='ltr'><strong>perdidit</strong></span> <span class='ocrx_word' id='word_1_92' title='bbox 675 2075 894 2162; x_wconf 82' lang='lat' dir='ltr'><strong>recuperavit,</strong></span> <span class='ocrx_word' id='word_1_93' title='bbox 925 2095 993 2140; x_wconf 89' lang='lat' dir='ltr'><strong>non</strong></span> <span class='ocrx_word' id='word_1_94' title='bbox 1015 2081 1129 2140; x_wconf 90' lang='lat' dir='ltr'><strong>tamen</strong></span> <span class='ocrx_word' id='word_1_95' title='bbox 1151 2077 1310 2163; x_wconf 82' lang='lat' dir='ltr'><strong>processit</strong></span> <span class='ocrx_word' id='word_1_96' title='bbox 1331 2074 1471 2139; x_wconf 89' lang='lat' dir='ltr'><strong>ulterius</strong></span> 
     </span>
     <span class='ocr_line' id='line_1_13' title="bbox 251 2176 1473 2264; baseline 0.003 -28"><span class='ocrx_word' id='word_1_97' title='bbox 251 2181 459 2241; x_wconf 74' lang='lat' dir='ltr'><strong>demenehut</strong></span> <span class='ocrx_word' id='word_1_98' title='bbox 475 2176 715 2242; x_wconf 85' lang='lat' dir='ltr'><strong>Normanniem</strong></span> <span class='ocrx_word' id='word_1_99' title='bbox 731 2182 946 2262; x_wconf 80' lang='lat' dir='ltr'>recuperaret.</span> <span class='ocrx_word' id='word_1_100' title='bbox 993 2177 1092 2242; x_wconf 85' lang='lat' dir='ltr'><strong>Anno</strong></span> <span class='ocrx_word' id='word_1_101' title='bbox 1107 2178 1201 2264; x_wconf 83' lang='lat' dir='ltr'><strong>regni</strong></span> <span class='ocrx_word' id='word_1_102' title='bbox 1224 2177 1277 2243; x_wconf 89' lang='lat' dir='ltr'><strong>sui</strong></span> <span class='ocrx_word' id='word_1_103' title='bbox 1300 2177 1394 2263; x_wconf 86' lang='lat' dir='ltr'><strong>quasi</strong></span> <span class='ocrx_word' id='word_1_104' title='bbox 1410 2176 1473 2261; x_wconf 76' lang='lat' dir='ltr'>xjo.</span> 
     </span>
     <span class='ocr_line' id='line_1_14' title="bbox 420 2276 1474 2345; baseline 0 -3"><span class='ocrx_word' id='word_1_105' title='bbox 420 2276 629 2343; x_wconf 83' lang='lat' dir='ltr'><strong>Willelmus¹</strong></span> <span class='ocrx_word' id='word_1_106' title='bbox 660 2299 717 2343; x_wconf 84' lang='lat' dir='ltr'><strong>rex</strong></span> <span class='ocrx_word' id='word_1_107' title='bbox 742 2277 863 2344; x_wconf 81' lang='lat' dir='ltr'><strong>Scotiae</strong></span> <span class='ocrx_word' id='word_1_108' title='bbox 893 2278 997 2344; x_wconf 89' lang='lat' dir='ltr'><strong>filiam</strong></span> <span class='ocrx_word' id='word_1_109' title='bbox 1020 2299 1115 2344; x_wconf 89' lang='lat' dir='ltr'><strong>suam</strong></span> <span class='ocrx_word' id='word_1_110' title='bbox 1137 2279 1251 2345; x_wconf 87' lang='lat' dir='ltr'><strong>eomiti</strong></span> <span class='ocrx_word' id='word_1_111' title='bbox 1274 2277 1474 2345; x_wconf 86' lang='lat' dir='ltr'><strong>Flandrensi</strong></span> 
     </span>
     <span class='ocr_line' id='line_1_15' title="bbox 421 2378 1472 2465; baseline 0 -22"><span class='ocrx_word' id='word_1_112' title='bbox 421 2378 514 2444; x_wconf 90' lang='lat' dir='ltr'><strong>dedit</strong></span> <span class='ocrx_word' id='word_1_113' title='bbox 545 2381 580 2444; x_wconf 93' lang='lat' dir='ltr'><strong>in</strong></span> <span class='ocrx_word' id='word_1_114' title='bbox 614 2399 759 2445; x_wconf 85' lang='lat' dir='ltr'><strong>uxorem.</strong></span> <span class='ocrx_word' id='word_1_115' title='bbox 807 2379 983 2464; x_wconf 84' lang='lat' dir='ltr'><strong>Iratusque</strong></span> <span class='ocrx_word' id='word_1_116' title='bbox 1015 2379 1186 2444; x_wconf 87' lang='lat' dir='ltr'><strong>Johannes</strong></span> <span class='ocrx_word' id='word_1_117' title='bbox 1221 2379 1265 2445; x_wconf 92' lang='lat' dir='ltr'><strong>ob</strong></span> <span class='ocrx_word' id='word_1_118' title='bbox 1296 2379 1358 2444; x_wconf 87' lang='lat' dir='ltr'><strong>hoe</strong></span> <span class='ocrx_word' id='word_1_119' title='bbox 1382 2379 1472 2465; x_wconf 89' lang='lat' dir='ltr'><strong>quod</strong></span> 
     </span>
     <span class='ocr_line' id='line_1_16' title="bbox 253 2479 1474 2571; baseline -0.003 -25"><span class='ocrx_word' id='word_1_120' title='bbox 253 2494 496 2571; x_wconf 68' lang='lat' dir='ltr'><strong>Captnreofcum</strong></span> <span class='ocrx_word' id='word_1_121' title='bbox 519 2479 670 2546; x_wconf 76' lang='lat' dir='ltr'><strong>hostibus</strong></span> <span class='ocrx_word' id='word_1_122' title='bbox 694 2479 762 2544; x_wconf 90' lang='lat' dir='ltr'><strong>suis</strong></span> <span class='ocrx_word' id='word_1_123' title='bbox 788 2479 896 2545; x_wconf 83' lang='lat' dir='ltr'><strong>foedus</strong></span> <span class='ocrx_word' id='word_1_124' title='bbox 926 2479 1053 2556; x_wconf 83' lang='lat' dir='ltr'><strong>inisset,</strong></span> <span class='ocrx_word' id='word_1_125' title='bbox 1083 2479 1225 2545; x_wconf 75' lang='lat' dir='ltr'><strong>divertit</strong></span> <span class='ocrx_word' id='word_1_126' title='bbox 1249 2480 1372 2546; x_wconf 86' lang='lat' dir='ltr'><strong>ibidem</strong></span> <span class='ocrx_word' id='word_1_127' title='bbox 1398 2501 1474 2546; x_wconf 87' lang='lat' dir='ltr'><strong>eum</strong></span> 
     </span>
     <span class='ocr_line' id='line_1_17' title="bbox 252 2561 1475 2677; baseline -0.002 -30"><span class='ocrx_word' id='word_1_128' title='bbox 252 2561 387 2677; x_wconf 52' lang='lat' dir='ltr'><strong>miden</strong></span> <span class='ocrx_word' id='word_1_129' title='bbox 422 2581 569 2648; x_wconf 82' lang='lat' dir='ltr'><strong>exercitu</strong></span> <span class='ocrx_word' id='word_1_130' title='bbox 601 2581 732 2668; x_wconf 82' lang='lat' dir='ltr'><strong>copioso</strong></span> <span class='ocrx_word' id='word_1_131' title='bbox 763 2586 798 2647; x_wconf 91' lang='lat' dir='ltr'><strong>et</strong></span> <span class='ocrx_word' id='word_1_132' title='bbox 831 2580 920 2667; x_wconf 87' lang='lat' dir='ltr'><strong>cepit</strong></span> <span class='ocrx_word' id='word_1_133' title='bbox 955 2581 1150 2668; x_wconf 81' lang='lat' dir='ltr'><strong>Berwycum</strong></span> <span class='ocrx_word' id='word_1_134' title='bbox 1186 2603 1286 2668; x_wconf 88' lang='lat' dir='ltr'><strong>super</strong></span> <span class='ocrx_word' id='word_1_135' title='bbox 1309 2582 1475 2657; x_wconf 75' lang='lat' dir='ltr'><strong>Twedam</strong></span> 
     </span>
     <span class='ocr_line' id='line_1_18' title="bbox 252 2683 1476 2770; baseline -0.003 -18"><span class='ocrx_word' id='word_1_136' title='bbox 252 2693 318 2742; x_wconf 79' lang='lat' dir='ltr'><strong>from</strong></span> <span class='ocrx_word' id='word_1_137' title='bbox 332 2693 376 2743; x_wconf 76' lang='lat' dir='ltr'><strong>the</strong></span> <span class='ocrx_word' id='word_1_138' title='bbox 422 2689 630 2770; x_wconf 73' lang='lat' dir='ltr'><strong>castrumque</strong></span> <span class='ocrx_word' id='word_1_139' title='bbox 655 2683 778 2749; x_wconf 86' lang='lat' dir='ltr'><strong>ibidem</strong></span> <span class='ocrx_word' id='word_1_140' title='bbox 806 2683 1002 2750; x_wconf 82' lang='lat' dir='ltr'><strong>construxit.</strong></span> <span class='ocrx_word' id='word_1_141' title='bbox 1047 2683 1237 2769; x_wconf 74' lang='lat' dir='ltr'><strong>vidensque</strong></span> <span class='ocrx_word' id='word_1_142' title='bbox 1268 2705 1328 2749; x_wconf 87' lang='lat' dir='ltr'><strong>rex</strong></span> <span class='ocrx_word' id='word_1_143' title='bbox 1356 2684 1476 2750; x_wconf 83' lang='lat' dir='ltr'><strong>Seotiae</strong></span> 
     </span>
     <span class='ocr_line' id='line_1_19' title="bbox 252 2761 1474 2872; baseline -0.003 -21"><span class='ocrx_word' id='word_1_144' title='bbox 252 2761 331 2810; x_wconf 57' lang='lat'><strong>&amp;⁰¹⁸¹</strong></span> <span class='ocrx_word' id='word_1_145' title='bbox 423 2785 465 2851; x_wconf 86' lang='lat' dir='ltr'><strong>sd</strong></span> <span class='ocrx_word' id='word_1_146' title='bbox 511 2785 731 2852; x_wconf 87' lang='lat' dir='ltr'><strong>resistendum</strong></span> <span class='ocrx_word' id='word_1_147' title='bbox 778 2783 818 2850; x_wconf 92' lang='lat' dir='ltr'><strong>de</strong></span> <span class='ocrx_word' id='word_1_148' title='bbox 854 2784 983 2849; x_wconf 88' lang='lat' dir='ltr'><strong>viribus</strong></span> <span class='ocrx_word' id='word_1_149' title='bbox 1028 2805 1096 2849; x_wconf 87' lang='lat' dir='ltr'><strong>non</strong></span> <span class='ocrx_word' id='word_1_150' title='bbox 1130 2805 1233 2872; x_wconf 85' lang='lat' dir='ltr'><strong>posse,</strong></span> <span class='ocrx_word' id='word_1_151' title='bbox 1271 2785 1399 2849; x_wconf 84' lang='lat' dir='ltr'><strong>emissis</strong></span> <span class='ocrx_word' id='word_1_152' title='bbox 1433 2784 1474 2850; x_wconf 86' lang='lat' dir='ltr'><strong>ad</strong></span> 
     </span>
     <span class='ocr_line' id='line_1_20' title="bbox 422 2887 1477 2975; baseline -0.004 -20"><span class='ocrx_word' id='word_1_153' title='bbox 422 2887 448 2955; x_wconf 89' lang='lat' dir='ltr'><strong>J</strong></span> <span class='ocrx_word' id='word_1_154' title='bbox 449 2887 613 2954; x_wconf 81' lang='lat' dir='ltr'><strong>ohannem</strong></span> <span class='ocrx_word' id='word_1_155' title='bbox 666 2887 797 2968; x_wconf 82' lang='lat' dir='ltr'><strong>nunriis</strong></span> <span class='ocrx_word' id='word_1_156' title='bbox 831 2887 965 2975; x_wconf 83' lang='lat' dir='ltr'><strong>rogavit</strong></span> <span class='ocrx_word' id='word_1_157' title='bbox 1010 2907 1049 2952; x_wconf 89' lang='lat' dir='ltr'><strong>ea</strong></span> <span class='ocrx_word' id='word_1_158' title='bbox 1086 2907 1159 2973; x_wconf 83' lang='lat' dir='ltr'><strong>quse</strong></span> <span class='ocrx_word' id='word_1_159' title='bbox 1190 2887 1279 2972; x_wconf 78' lang='lat' dir='ltr'><strong>pasis</strong></span> <span class='ocrx_word' id='word_1_160' title='bbox 1316 2891 1404 2964; x_wconf 88' lang='lat' dir='ltr'><strong>sunt,</strong></span> <span class='ocrx_word' id='word_1_161' title='bbox 1442 2893 1477 2952; x_wconf 89' lang='lat' dir='ltr'><strong>et</strong></span> 
     </span>
     <span class='ocr_line' id='line_1_21' title="bbox 252 2987 1476 3076; baseline -0.007 -16"><span class='ocrx_word' id='word_1_162' title='bbox 252 3009 369 3061; x_wconf 74' lang='lat' dir='ltr'><strong>Sabinis·</strong></span> <span class='ocrx_word' id='word_1_163' title='bbox 422 2991 602 3076; x_wconf 85' lang='lat' dir='ltr'><strong>adimplete</strong></span> <span class='ocrx_word' id='word_1_164' title='bbox 635 2989 827 3076; x_wconf 81' lang='lat' dir='ltr'><strong>pecuniaria</strong></span> <span class='ocrx_word' id='word_1_165' title='bbox 863 2987 1027 3074; x_wconf 88' lang='lat' dir='ltr'><strong>petitione</strong></span> <span class='ocrx_word' id='word_1_166' title='bbox 1071 3009 1132 3053; x_wconf 84' lang='lat' dir='ltr'><strong>sue</strong></span> <span class='ocrx_word' id='word_1_167' title='bbox 1166 2988 1318 3075; x_wconf 87' lang='lat' dir='ltr'><strong>datisque</strong></span> <span class='ocrx_word' id='word_1_168' title='bbox 1354 2989 1476 3054; x_wconf 91' lang='lat' dir='ltr'><strong>obsidi-</strong></span> 
     </span>
     <span class='ocr_line' id='line_1_22' title="bbox 252 3077 1469 3209; baseline -0.002 -53"><span class='ocrx_word' id='word_1_169' title='bbox 252 3077 402 3209; x_wconf 43' lang='lat' dir='ltr'><strong>ffizsz‘he</strong></span> <span class='ocrx_word' id='word_1_170' title='bbox 422 3092 483 3156; x_wconf 89' lang='lat' dir='ltr'><strong>bus</strong></span> <span class='ocrx_word' id='word_1_171' title='bbox 522 3092 651 3158; x_wconf 78' lang='lat' dir='ltr'><strong>duabus</strong></span> <span class='ocrx_word' id='word_1_172' title='bbox 689 3091 814 3158; x_wconf 79' lang='lat' dir='ltr'><strong>scilieet</strong></span> <span class='ocrx_word' id='word_1_173' title='bbox 851 3089 992 3165; x_wconf 86' lang='lat' dir='ltr'><strong>filiabus,</strong></span> <span class='ocrx_word' id='word_1_174' title='bbox 1029 3109 1097 3154; x_wconf 91' lang='lat' dir='ltr'><strong>non</strong></span> <span class='ocrx_word' id='word_1_175' title='bbox 1133 3095 1247 3155; x_wconf 88' lang='lat' dir='ltr'><strong>tamen</strong></span> <span class='ocrx_word' id='word_1_176' title='bbox 1277 3091 1469 3155; x_wconf 89' lang='lat' dir='ltr'><strong>Alexandro</strong></span> 
     </span>
     <span class='ocr_line' id='line_1_23' title="bbox 252 3191 1472 3278; baseline -0.003 -18"><span class='ocrx_word' id='word_1_177' title='bbox 252 3209 380 3260; x_wconf 78' lang='lat' dir='ltr'><strong>scotland.</strong></span> <span class='ocrx_word' id='word_1_178' title='bbox 423 3193 491 3258; x_wconf 87' lang='lat' dir='ltr'><strong>filio</strong></span> <span class='ocrx_word' id='word_1_179' title='bbox 546 3215 606 3258; x_wconf 92' lang='lat' dir='ltr'><strong>suo</strong></span> <span class='ocrx_word' id='word_1_180' title='bbox 661 3214 758 3278; x_wconf 89' lang='lat' dir='ltr'><strong>quem</strong></span> <span class='ocrx_word' id='word_1_181' title='bbox 818 3191 968 3278; x_wconf 89' lang='lat' dir='ltr'><strong>petierat,</strong></span> <span class='ocrx_word' id='word_1_182' title='bbox 1008 3212 1158 3256; x_wconf 88' lang='lat' dir='ltr'><strong>reversus</strong></span> <span class='ocrx_word' id='word_1_183' title='bbox 1208 3199 1259 3256; x_wconf 88' lang='lat' dir='ltr'><strong>est</strong></span> <span class='ocrx_word' id='word_1_184' title='bbox 1299 3192 1323 3258; x_wconf 87' lang='lat' dir='ltr'><strong>J</strong></span> <span class='ocrx_word' id='word_1_185' title='bbox 1326 3193 1472 3258; x_wconf 90' lang='lat' dir='ltr'><strong>ohannes</strong></span> 
     </span>
     <span class='ocr_line' id='line_1_24' title="bbox 252 3294 1475 3380; baseline -0.005 -15"><span class='ocrx_word' id='word_1_186' title='bbox 252 3315 351 3380; x_wconf 74' lang='lat' dir='ltr'><strong>wrong</strong></span> <span class='ocrx_word' id='word_1_187' title='bbox 424 3295 639 3374; x_wconf 87' lang='lat' dir='ltr'><strong>Londoniam,</strong></span> <span class='ocrx_word' id='word_1_188' title='bbox 684 3295 861 3380; x_wconf 87' lang='lat' dir='ltr'><strong>tenuitque</strong></span> <span class='ocrx_word' id='word_1_189' title='bbox 906 3294 1030 3358; x_wconf 89' lang='lat' dir='ltr'><strong>ibidem</strong></span> <span class='ocrx_word' id='word_1_190' title='bbox 1076 3295 1332 3380; x_wconf 77' lang='lat' dir='ltr'><strong>parliamentum</strong></span> <span class='ocrx_word' id='word_1_191' title='bbox 1376 3317 1475 3360; x_wconf 86' lang='lat' dir='ltr'><strong>suum</strong></span> 
     </span>
     <span class='ocr_line' id='line_1_25' title="bbox 252 3381 1476 3498; baseline -0.002 -34"><span class='ocrx_word' id='word_1_192' title='bbox 252 3381 400 3498; x_wconf 53' lang='lat' dir='ltr'><strong>fffffflons</strong></span> <span class='ocrx_word' id='word_1_193' title='bbox 422 3403 456 3463; x_wconf 88' lang='lat' dir='ltr'><strong>et</strong></span> <span class='ocrx_word' id='word_1_194' title='bbox 478 3399 586 3463; x_wconf 89' lang='lat' dir='ltr'><strong>multa</strong></span> <span class='ocrx_word' id='word_1_195' title='bbox 608 3397 695 3463; x_wconf 82' lang='lat' dir='ltr'><strong>mala</strong></span> <span class='ocrx_word' id='word_1_196' title='bbox 725 3417 906 3483; x_wconf 85' lang='lat' dir='ltr'><strong>gravesque</strong></span> <span class='ocrx_word' id='word_1_197' title='bbox 941 3394 1107 3461; x_wconf 85' lang='lat' dir='ltr'><strong>molestias</strong></span> <span class='ocrx_word' id='word_1_198' title='bbox 1145 3395 1262 3462; x_wconf 84' lang='lat' dir='ltr'><strong>intulit</strong></span> <span class='ocrx_word' id='word_1_199' title='bbox 1299 3397 1476 3462; x_wconf 81' lang='lat' dir='ltr'><strong>baronibus</strong></span> 
     </span>
     <span class='ocr_line' id='line_1_26' title="bbox 402 3485 1475 3588; baseline -0.003 -22"><span class='ocrx_word' id='word_1_200' title='bbox 402 3485 508 3578; x_wconf 68' lang='lat' dir='ltr'><strong>&#39;suis</strong></span> <span class='ocrx_word' id='word_1_201' title='bbox 542 3501 599 3588; x_wconf 89' lang='lat' dir='ltr'><strong>qui</strong></span> <span class='ocrx_word' id='word_1_202' title='bbox 634 3500 766 3586; x_wconf 88' lang='lat' dir='ltr'><strong>injuriis</strong></span> <span class='ocrx_word' id='word_1_203' title='bbox 799 3500 868 3565; x_wconf 92' lang='lat' dir='ltr'><strong>suis</strong></span> <span class='ocrx_word' id='word_1_204' title='bbox 911 3521 946 3565; x_wconf 89' lang='lat' dir='ltr'><strong>se</strong></span> <span class='ocrx_word' id='word_1_205' title='bbox 978 3499 1020 3564; x_wconf 89' lang='lat' dir='ltr'><strong>ad</strong></span> <span class='ocrx_word' id='word_1_206' title='bbox 1051 3499 1271 3564; x_wconf 89' lang='lat' dir='ltr'><strong>resistendum</strong></span> <span class='ocrx_word' id='word_1_207' title='bbox 1309 3522 1475 3586; x_wconf 74' lang='lat' dir='ltr'><strong>prepara-</strong></span> 
     </span>
     <span class='ocr_line' id='line_1_27' title="bbox 422 3607 548 3668; baseline 0.008 -1"><span class='ocrx_word' id='word_1_208' title='bbox 422 3607 548 3668; x_wconf 86' lang='lat' dir='ltr'><strong>verant.</strong></span> 
     </span>
     <span class='ocr_line' id='line_1_28' title="bbox 252 3701 1473 3798; baseline -0.005 -27"><span class='ocrx_word' id='word_1_209' title='bbox 252 3722 306 3798; x_wconf 60' lang='lat' dir='ltr'><strong>&#39;mg</strong></span> <span class='ocrx_word' id='word_1_210' title='bbox 318 3721 381 3786; x_wconf 75' lang='lat' dir='ltr'><strong>king</strong></span> <span class='ocrx_word' id='word_1_211' title='bbox 467 3705 564 3770; x_wconf 83' lang='lat' dir='ltr'><strong>Anno</strong></span> <span class='ocrx_word' id='word_1_212' title='bbox 580 3725 658 3770; x_wconf 88' lang='lat' dir='ltr'><strong>vero</strong></span> <span class='ocrx_word' id='word_1_213' title='bbox 675 3703 826 3790; x_wconf 88' lang='lat' dir='ltr'><strong>sequenti</strong></span> <span class='ocrx_word' id='word_1_214' title='bbox 847 3701 1029 3790; x_wconf 79' lang='lat' dir='ltr'><strong>processit²</strong></span> <span class='ocrx_word' id='word_1_215' title='bbox 1044 3725 1104 3768; x_wconf 87' lang='lat' dir='ltr'><strong>rex</strong></span> <span class='ocrx_word' id='word_1_216' title='bbox 1129 3704 1163 3766; x_wconf 90' lang='lat' dir='ltr'><strong>in</strong></span> <span class='ocrx_word' id='word_1_217' title='bbox 1187 3703 1383 3768; x_wconf 88' lang='lat' dir='ltr'><strong>Hiberniam</strong></span> <span class='ocrx_word' id='word_1_218' title='bbox 1398 3725 1473 3768; x_wconf 85' lang='lat' dir='ltr'><strong>eum</strong></span> 
     </span>
     <span class='ocr_line' id='line_1_29' title="bbox 252 3788 1472 3904; baseline -0.004 -33"><span class='ocrx_word' id='word_1_219' title='bbox 252 3788 392 3904; x_wconf 53' lang='lat' dir='ltr'><strong>pgqqslre·</strong></span> <span class='ocrx_word' id='word_1_220' title='bbox 423 3808 518 3894; x_wconf 88' lang='lat' dir='ltr'><strong>plebe</strong></span> <span class='ocrx_word' id='word_1_221' title='bbox 545 3807 701 3886; x_wconf 84' lang='lat' dir='ltr'><strong>maxima,</strong></span> <span class='ocrx_word' id='word_1_222' title='bbox 732 3805 917 3891; x_wconf 80' lang='lat' dir='ltr'><strong>statuitque</strong></span> <span class='ocrx_word' id='word_1_223' title='bbox 955 3804 1078 3870; x_wconf 87' lang='lat' dir='ltr'><strong>ibidem</strong></span> <span class='ocrx_word' id='word_1_224' title='bbox 1113 3805 1218 3890; x_wconf 83' lang='lat' dir='ltr'><strong>legem</strong></span> <span class='ocrx_word' id='word_1_225' title='bbox 1252 3805 1472 3892; x_wconf 84' lang='lat' dir='ltr'><strong>Angliesnem</strong></span> 
     </span>
     <span class='ocr_line' id='line_1_30' title="bbox 314 3891 1475 3994; baseline -0.004 -19"><span class='ocrx_word' id='word_1_226' title='bbox 314 3891 319 3906; x_wconf 62' lang='grc'><strong>’</strong></span> <span class='ocrx_word' id='word_1_227' title='bbox 422 3915 456 3975; x_wconf 91' lang='lat' dir='ltr'><strong>et</strong></span> <span class='ocrx_word' id='word_1_228' title='bbox 489 3915 529 3975; x_wconf 89' lang='lat' dir='ltr'><strong>ut</strong></span> <span class='ocrx_word' id='word_1_229' title='bbox 552 3910 663 3975; x_wconf 84' lang='lat' dir='ltr'><strong>omnia</strong></span> <span class='ocrx_word' id='word_1_230' title='bbox 694 3930 807 3974; x_wconf 89' lang='lat' dir='ltr'><strong>eorum</strong></span> <span class='ocrx_word' id='word_1_231' title='bbox 834 3906 962 3994; x_wconf 83' lang='lat' dir='ltr'><strong>judicia</strong></span> <span class='ocrx_word' id='word_1_232' title='bbox 992 3908 1173 3973; x_wconf 87' lang='lat' dir='ltr'><strong>seeundum</strong></span> <span class='ocrx_word' id='word_1_233' title='bbox 1209 3906 1347 3972; x_wconf 83' lang='lat' dir='ltr'><strong>eandem</strong></span> <span class='ocrx_word' id='word_1_234' title='bbox 1370 3907 1475 3993; x_wconf 86' lang='lat' dir='ltr'><strong>legem</strong></span> 
     </span>
     <span class='ocr_line' id='line_1_31' title="bbox 421 4009 1478 4099; baseline -0.004 -23"><span class='ocrx_word' id='word_1_235' title='bbox 421 4011 475 4076; x_wconf 91' lang='lat' dir='ltr'><strong>vel</strong></span> <span class='ocrx_word' id='word_1_236' title='bbox 498 4011 716 4099; x_wconf 80' lang='lat' dir='ltr'><strong>Anglieanem</strong></span> <span class='ocrx_word' id='word_1_237' title='bbox 738 4009 1009 4076; x_wconf 83' lang='lat' dir='ltr'><strong>consuetudinem</strong></span> <span class='ocrx_word' id='word_1_238' title='bbox 1033 4009 1299 4076; x_wconf 78' lang='lat' dir='ltr'><strong>terminarentur.</strong></span> <span class='ocrx_word' id='word_1_239' title='bbox 1354 4009 1478 4073; x_wconf 86' lang='lat' dir='ltr'><strong>Rever-</strong></span> 
     </span>
     <span class='ocr_line' id='line_1_32' title="bbox 421 4110 1475 4200; baseline -0.005 -21"><span class='ocrx_word' id='word_1_240' title='bbox 421 4135 541 4200; x_wconf 90' lang='lat' dir='ltr'><strong>susque</strong></span> <span class='ocrx_word' id='word_1_241' title='bbox 565 4113 679 4180; x_wconf 90' lang='lat' dir='ltr'><strong>eodem</strong></span> <span class='ocrx_word' id='word_1_242' title='bbox 711 4133 798 4178; x_wconf 82' lang='lat' dir='ltr'><strong>enno</strong></span> <span class='ocrx_word' id='word_1_243' title='bbox 836 4113 873 4177; x_wconf 90' lang='lat' dir='ltr'><strong>in</strong></span> <span class='ocrx_word' id='word_1_244' title='bbox 896 4112 1052 4198; x_wconf 80' lang='lat' dir='ltr'><strong>Angliam</strong></span> <span class='ocrx_word' id='word_1_245' title='bbox 1083 4111 1230 4177; x_wconf 82' lang='lat' dir='ltr'><strong>talliavit</strong></span> <span class='ocrx_word' id='word_1_246' title='bbox 1264 4110 1415 4177; x_wconf 83' lang='lat' dir='ltr'><strong>ecelesias</strong></span> <span class='ocrx_word' id='word_1_247' title='bbox 1439 4117 1475 4174; x_wconf 88' lang='lat' dir='ltr'><strong>et</strong></span> 
     </span>
     <span class='ocr_line' id='line_1_33' title="bbox 422 4211 1472 4303; baseline -0.004 -21"><span class='ocrx_word' id='word_1_248' title='bbox 422 4217 600 4303; x_wconf 81' lang='lat' dir='ltr'><strong>Hugenem</strong></span> <span class='ocrx_word' id='word_1_249' title='bbox 622 4217 663 4282; x_wconf 90' lang='lat' dir='ltr'><strong>de</strong></span> <span class='ocrx_word' id='word_1_250' title='bbox 680 4215 770 4302; x_wconf 81' lang='lat' dir='ltr'><strong>Laey</strong></span> <span class='ocrx_word' id='word_1_251' title='bbox 785 4219 819 4280; x_wconf 87' lang='lat' dir='ltr'><strong>et</strong></span> <span class='ocrx_word' id='word_1_252' title='bbox 835 4214 1040 4279; x_wconf 87' lang='lat' dir='ltr'><strong>Willelmum</strong></span> <span class='ocrx_word' id='word_1_253' title='bbox 1056 4214 1096 4278; x_wconf 93' lang='lat' dir='ltr'><strong>de</strong></span> <span class='ocrx_word' id='word_1_254' title='bbox 1113 4211 1259 4279; x_wconf 81' lang='lat' dir='ltr'><strong>Breaus³</strong></span> <span class='ocrx_word' id='word_1_255' title='bbox 1281 4214 1472 4299; x_wconf 78' lang='lat' dir='ltr'><strong>proscripsit</strong></span> 
     </span>
    </p>
   </div>
   <div class='ocr_carea' id='block_1_3' title="bbox 252 4315 1472 4402">
    <p class='ocr_par' dir='ltr' id='par_1_3' title="bbox 252 4315 1472 4402">
     <span class='ocr_line' id='line_1_34' title="bbox 252 4315 1472 4402; baseline -0.008 -12"><span class='ocrx_word' id='word_1_256' title='bbox 252 4325 408 4390; x_wconf 72' lang='lat' dir='ltr'><strong>Expeditior</strong></span> <span class='ocrx_word' id='word_1_257' title='bbox 422 4319 458 4384; x_wconf 92' lang='lat' dir='ltr'><strong>in</strong></span> <span class='ocrx_word' id='word_1_258' title='bbox 480 4317 684 4384; x_wconf 87' lang='lat' dir='ltr'><strong>Hiberniam.</strong></span> <span class='ocrx_word' id='word_1_259' title='bbox 732 4317 830 4382; x_wconf 86' lang='lat' dir='ltr'><strong>Anno</strong></span> <span class='ocrx_word' id='word_1_260' title='bbox 853 4316 955 4381; x_wconf 88' lang='lat' dir='ltr'><strong>etiam</strong></span> <span class='ocrx_word' id='word_1_261' title='bbox 978 4315 1048 4401; x_wconf 82' lang='lat' dir='ltr'><strong>xiij.</strong></span> <span class='ocrx_word' id='word_1_262' title='bbox 1072 4315 1166 4402; x_wconf 86' lang='lat' dir='ltr'><strong>regni</strong></span> <span class='ocrx_word' id='word_1_263' title='bbox 1196 4315 1249 4380; x_wconf 91' lang='lat' dir='ltr'><strong>sui</strong></span> <span class='ocrx_word' id='word_1_264' title='bbox 1272 4315 1412 4380; x_wconf 89' lang='lat' dir='ltr'><strong>divertit</strong></span> <span class='ocrx_word' id='word_1_265' title='bbox 1434 4315 1472 4380; x_wconf 89' lang='lat' dir='ltr'><strong>in</strong></span> 
     </span>
    </p>
   </div>
   <div class='ocr_carea' id='block_1_4' title="bbox 251 4393 351 4512">
    <p class='ocr_par' dir='ltr' id='par_1_4' title="bbox 251 4393 351 4512">
     <span class='ocr_line' id='line_1_35' title="bbox 251 4393 351 4460; baseline 0.04 -20"><span class='ocrx_word' id='word_1_266' title='bbox 251 4393 351 4460; x_wconf 80' lang='lat' dir='ltr'><strong>against</strong></span> 
     </span>
     <span class='ocr_line' id='line_1_36' title="bbox 251 4460 349 4512; baseline 0 0"><span class='ocrx_word' id='word_1_267' title='bbox 251 4460 349 4512; x_wconf 78' lang='lat' dir='ltr'><strong>Walas.</strong></span> 
     </span>
    </p>
   </div>
   <div class='ocr_carea' id='block_1_5' title="bbox 420 4639 1478 4862">
    <p class='ocr_par' dir='ltr' id='par_1_5' title="bbox 420 4639 1478 4862">
     <span class='ocr_line' id='line_1_37' title="bbox 455 4639 1478 4712; baseline -0.002 -15"><span class='ocrx_word' id='word_1_268' title='bbox 455 4645 463 4678; x_wconf 89' lang='lat'>¹</span> <span class='ocrx_word' id='word_1_269' title='bbox 482 4647 550 4697; x_wconf 87' lang='lat' dir='ltr'><strong>Here</strong></span> <span class='ocrx_word' id='word_1_270' title='bbox 562 4659 594 4696; x_wconf 91' lang='lat' dir='ltr'><strong>on</strong></span> <span class='ocrx_word' id='word_1_271' title='bbox 614 4643 678 4694; x_wconf 85' lang='lat' dir='ltr'><strong>both</strong></span> <span class='ocrx_word' id='word_1_272' title='bbox 695 4640 806 4710; x_wconf 78' lang='lat' dir='ltr'><strong>margins</strong></span> <span class='ocrx_word' id='word_1_273' title='bbox 818 4639 839 4691; x_wconf 77' lang='lat' dir='ltr'><strong>is</strong></span> <span class='ocrx_word' id='word_1_274' title='bbox 855 4639 923 4701; x_wconf 80' lang='lat' dir='ltr'><strong>Quo·</strong></span> <span class='ocrx_word' id='word_1_275' title='bbox 1007 4641 1019 4673; x_wconf 86' lang='lat'>²</span> <span class='ocrx_word' id='word_1_276' title='bbox 1034 4641 1174 4710; x_wconf 78' lang='lat' dir='ltr'><strong>processit]</strong></span> <span class='ocrx_word' id='word_1_277' title='bbox 1190 4642 1314 4706; x_wconf 81' lang='lat' dir='ltr'><strong>fromA.;</strong></span> <span class='ocrx_word' id='word_1_278' title='bbox 1330 4661 1379 4711; x_wconf 84' lang='lat' dir='ltr'><strong>pro</strong></span> <span class='ocrx_word' id='word_1_279' title='bbox 1386 4645 1478 4712; x_wconf 74' lang='lat' dir='ltr'><strong>poerit,</strong></span> 
     </span>
     <span class='ocr_line' id='line_1_38' title="bbox 425 4719 1033 4790; baseline -0.007 -14"><span class='ocrx_word' id='word_1_280' title='bbox 425 4725 495 4776; x_wconf 73' lang='lat' dir='ltr'><strong>niodo</strong></span> <span class='ocrx_word' id='word_1_281' title='bbox 514 4723 640 4790; x_wconf 78' lang='lat' dir='ltr'><strong>precesu‘t</strong></span> <span class='ocrx_word' id='word_1_282' title='bbox 663 4723 690 4771; x_wconf 82' lang='lat' dir='ltr'><strong>r‘n</strong></span> <span class='ocrx_word' id='word_1_283' title='bbox 714 4720 804 4772; x_wconf 81' lang='lat' dir='ltr'><strong>Scotia</strong></span> <span class='ocrx_word' id='word_1_284' title='bbox 825 4727 848 4769; x_wconf 79' lang='lat' dir='ltr'><strong>et</strong></span> <span class='ocrx_word' id='word_1_285' title='bbox 872 4719 924 4769; x_wconf 79' lang='lat' dir='ltr'><strong>Hi·</strong></span> <span class='ocrx_word' id='word_1_286' title='bbox 975 4719 1033 4772; x_wconf 74' lang='lat' dir='ltr'><strong>MS.</strong></span> 
     </span>
     <span class='ocr_line' id='line_1_39' title="bbox 420 4798 1216 4862; baseline -0.003 -7"><span class='ocrx_word' id='word_1_287' title='bbox 420 4803 518 4856; x_wconf 62' lang='lat' dir='ltr'><strong>bunia.</strong></span> <span class='ocrx_word' id='word_1_288' title='bbox 1007 4798 1019 4832; x_wconf 77' lang='lat'><strong>¹</strong></span> <span class='ocrx_word' id='word_1_289' title='bbox 1036 4800 1146 4862; x_wconf 73' lang='lat' dir='ltr'><strong>Etiam,</strong></span> <span class='ocrx_word' id='word_1_290' title='bbox 1158 4802 1216 4854; x_wconf 80' lang='lat' dir='ltr'><strong>MS.</strong></span> 
     </span>
    </p>
   </div>
   <div class='ocr_carea' id='block_1_6' title="bbox 0 0 1824 5784">
    <p class='ocr_par' dir='ltr' id='par_1_6' title="bbox 0 0 1824 5784">
     <span class='ocr_line' id='line_1_40' title="bbox 0 0 1824 5784; baseline 0 0"><span class='ocrx_word' id='word_1_291' title='bbox 0 0 1824 5784; x_wconf 95' lang='lat' dir='ltr'><strong> </strong></span> 
     </span>
    </p>
   </div>
  </div>
 </body>
</html>
