3625 5784
402 865 468 931 328
751 878 900 929 nesarci
923 878 1104 929 smarnos

401 1066 459 1131 inl
474 1065 638 1132 vasconia
658 1064 831 1129 eurenais
853 1070 888 1130 et
911 1064 1054 1149 turpiter
1072 1054 1220 1139 victi,'ut
1242 1063 1329 1130 infra
1351 1069 1453 1151 patet.

399 1168 613 1234 Justiciarius
643 1167 744 1232 etiam
774 1167 860 1252 regis
891 1167 928 1230 in
958 1167 1062 1231 banco
1085 1188 1127 1230 ex
1149 1170 1244 1252 parte
1274 1168 1361 1253 regis
1393 1188 1454 1253 pro

400 1269 562 1335 tribunali
585 1270 701 1335 sedens
722 1270 876 1334 omnibus
894 1268 1186 1333 circumstantibus
1205 1268 1293 1334 dixit
1311 1270 1454 1354 publice,

400 1381 418 1408 “
441 1372 509 1438 Vos
532 1371 658 1437 domini
680 1371 843 1437 attornati
866 1369 1193 1455 archiepiscoporum,
1217 1370 1453 1457 episcoporum,

402 1481 419 1511 “
440 1474 601 1540 abbatum
624 1478 660 1538 et
681 1473 829 1558 priorum
852 1478 1111 1556 caeterarumque
1137 1494 1352 1557 personarum
1384 1494 1452 1538 om·

400 1576 534 1639 “nium
570 1596 612 1641 ex
643 1574 730 1640 clero
762 1574 920 1639 nunciate
954 1572 1096 1638 dominis
1120 1574 1240 1638 vestris
1274 1578 1308 1638 et
1343 1572 1452 1650 dicite,

400 1685 418 1712 “
441 1676 529 1763 quod
559 1677 600 1742 de
623 1681 741 1741 caetero
764 1676 801 1740 in
823 1676 917 1740 curia
939 1676 1066 1739 domini
1090 1675 1176 1761 regis
1199 1674 1291 1739 nulla
1314 1674 1372 1740 fiet
1402 1675 1448 1739 eis

231 1794 377 1870 proclame-
400 1788 418 1814 “
436 1779 571 1864 justitia
604 1779 646 1843 de
680 1799 886 1863 quacumque
917 1798 951 1842 re
975 1777 1105 1843 etianmi
1141 1777 1235 1842 illata
1265 1778 1370 1842 fuerit
1403 1778 1450 1843 eis

229 1860 386 1977 22³5,ng
399 1890 416 1916 “
439 1880 563 1966 injuria
578 1880 791 1958 atrocissima,
811 1878 947 1965 justitia
968 1884 1080 1945 tamen
1105 1877 1171 1945 de²
1195 1880 1241 1944 eis
1265 1880 1323 1944 fiet
1345 1880 1450 1945 omni-

227 1992 366 2055 orproae-
398 1990 414 2016 ‘⁴
437 1983 500 2047 bue
522 1982 798 2067 conquerentibus
822 1986 857 2045 et
879 2002 951 2045 eam
974 1981 1096 2046 habere
1118 1980 1338 2045 volentibus.'’

228 2056 377 2191 {affigas
443 2082 553 2149 ³Rex⁴
568 2094 729 2149 Edwardns
750 2093 821 2148 fecit
843 2092 942 2148 saisire
965 2092 1064 2148 omnia
1079 2090 1251 2164 temporalis
1264 2093 1446 2160 clericorum,
1461 2098 1598 2155 05011011852

396 2273 511 2328 nollent
542 2290 610 2329 aum
640 2271 784 2344 respicere
818 2271 854 2326 de
880 2270 966 2327 bonis
988 2271 1049 2327 suis
1082 2276 1184 2326 contra
1219 2270 1340 2337 Scot0s3
1374 2258 1534 2327 namffisd·
1548 2260 1592 2310 viii

397 2360 541 2417 Robertus
572 2361 807 2433 archiepiscopus
844 2360 881 2415 da
913 2376 1056 2415 consensu
1087 2360 1159 2416 cleri
1192 2366 1397 2431 procuraverat
1427 2329 1580 2416 am'm'

395 2468 472 2522 papa
504 2450 712 2506 inhibitionem
734 2468 772 2505 ne
807 2449 873 2521 quis
896 2450 1067 2505 clericorum
1098 2467 1197 2519 regem
1222 2449 1379 2521 respiceret
1409 2448 1445 2505 de

395 2540 482 2595 bonis
514 2540 666 2607 ecclesiae3
699 2539 777 2595 unda
814 2544 845 2594 et
882 2538 981 2609 plures
1015 2539 1203 2609 prelatorum
1237 2538 1340 2595 timore
1372 2539 1445 2595 tacti

395 2629 574 2701 qnoesierunt
595 2627 806 2701 protectionem
827 2628 948 2697 regiam.

226 2730 251 2777 A
263 2728 380 2780 dmufu
439 2722 468 2786 Ο
483 2722 635 2787 mirabile
657 2727 691 2786 et
713 2720 902 2786 inauditum
918 2720 1054 2785 auribus
1069 2719 1245 2785 horribile!
1291 2718 1447 2786 Commu·
1458 2734 1565 2799 myca-

226 2796 331 2927 {ffiffgssf
395 2825 448 2889 nis
465 2823 603 2907 justitia
631 2844 707 2908 quea
736 2822 890 2887 omnibus
921 2826 1035 2908 patere
1066 2822 1200 2887 deberet
1230 2828 1299 2887 tam
1330 2822 1446 2888 incolis
1457 2801 1556 2852 transis.

396 2947 497 3011 quam
527 2924 721 3011 alienigenis
752 2946 818 3009 quo
840 2924 963 3009 spiritu
985 2924 1094 2988 neseio
1116 2924 1203 2988 clero
1235 2922 1360 2989 Cbn‘sti
1392 2924 1448 2989 de·

393 3033 547 3113 negatur,
579 3024 821 3110 ancillaturque
854 3030 889 3089 et
919 3025 1025 3089 servit
1050 3046 1088 3093 aa
1111 3025 1344 3111 subpeditatur
1374 3026 1447 3111 ipsa

393 3134 502 3193 mater
533 3128 669 3194 ecclesia
698 3148 773 3212 quae
807 3126 935 3192 solebat
957 3126 1144 3212 antiquitus
1167 3127 1245 3191 filiis
1276 3126 1456 3206 dominari,¹

225 3232 493 3317 Theehunnpedes
526 3252 625 3316 super
653 3234 754 3315 caput
784 3228 965 3307 elevantur,
994 3234 1029 3293 et
1058 3249 1133 3314 ques
1163 3229 1290 3293 solebat
1320 3230 1447 3295 eunctis

224 3324 319 3431 ffi‘
393 3333 617 3418 splendescere
639 3330 784 3395 fomento
806 3329 1037 3410 miserationis
1071 3329 1142 3415 jam
1173 3351 1194 3395 a
1224 3330 1449 3395 misericordia

393 3435 536 3500 deicitur
558 3440 592 3498 et
615 3432 807 3498 obfuscetur
832 3431 1025 3498 umbraculo
1054 3430 1269 3497 crudelitatis.
1315 3432 1448 3497 Electus

393 3542 506 3601 autem
538 3534 766 3612 Eboracensis,
799 3534 967 3598 Henrieus
993 3533 1034 3597 de
1065 3532 1222 3610 Newerk,
1253 3539 1287 3598 et
1321 3534 1448 3599 Dunel·

392 3639 525 3716 mensis,
556 3635 700 3701 Eliensis
730 3640 764 3700 et
796 3634 1037 3699 Salisbiriensis
1068 3635 1212 3721 episcopi
1235 3640 1269 3699 et
1291 3635 1449 3719 quidam⁶

392 3740 451 3804 alii
483 3739 641 3803 timentes
671 3737 757 3801 iram
787 3737 874 3823 regis
896 3737 1087 3813 maximam,
1120 3743 1154 3801 et
1183 3738 1446 3822 conjecturantes

393 3864 496 3929 grave
526 3839 709 3927 periculum
738 3839 921 3917 imminere,
952 3838 1191 3903 ordinaverunt
1221 3860 1256 3903 se
1286 3838 1447 3923 deponere

225 3957 314 4022 Poliey
392 3943 479 4007 velle
509 3943 547 4007 in
576 3942 647 4007 sede
678 3962 772 4005 sacra
794 3941 946 4025 quintam
970 3944 1098 4025 partem
1121 3940 1283 4005 bonorum
1317 3940 1446 4005 ecclesi-

222 4038 292 4074 Μ’
393 4044 573 4110 asticorum
596 4042 687 4108 illius
711 4042 791 4107 anni
813 4042 857 4107 ad
879 4042 1056 4107 tuitionem
1087 4040 1230 4107 eeclesiae
1252 4040 1445 4128 Anglieenae

223 4091 373 4207 pppuneuey
392 4152 427 4213 et
450 4146 675 4212 defensionem
706 4143 950 4231 urgentissimae
981 4143 1197 4224 necessitatis,
1227 4148 1266 4209 ut
1292 4144 1339 4211 sio
1361 4145 1445 4209 iram

423 4436 431 4469 1
450 4436 487 4495 fn,
500 4434 551 4497 Αιί
568 4449 620 4484 om,
631 4435 688 4483 Ms,
977 4414 988 4449 ⁴
1005 4414 1077 4481 Rae]
1099 4416 1187 4465 stands
1205 4416 1286 4467 above
1297 4416 1341 4467 the
1353 4416 1406 4469 line
1418 4416 1444 4468 in

421 4538 548 4601 ΨΜ
566 4536 689 4589 ⁰¹¹¹·Ms·
977 4570 987 4601 ⁵
1005 4570 1073 4621 llere
1095 4570 1121 4621 in
1144 4572 1243 4622 alater
1262 4571 1384 4623 handen
1401 4574 1445 4624 the

421 4642 511 4693 ⁸Res
521 4641 670 4693 Eduardse
694 4678 701 4691 .
727 4678 735 4692 .
760 4640 890 4706 decim·
944 4650 1041 4717 margin
1064 4652 1096 4701 of
1115 4650 1169 4701 MS.
1190 4650 1212 4701 ie
1235 4650 1316 4702 Mela
1343 4652 1445 4703 crustela

388 4724 471 4775 'l'beee
481 4719 832 4784 wordserearepetitiond
847 4720 890 4769 the
943 4731 1117 4795 episcoporum
1145 4731 1190 4794 qui
1213 4728 1275 4797 plus
1310 4732 1434 4782 timueram

387 4800 890 4867 amorcmpurlv.above(p.ass).
943 4808 1200 4875 repenqauesdeum.

396 2183 526 2239 eximens
548 2200 598 2239 eos
620 2202 638 2238 a
659 2182 840 2254 protectione
862 2199 915 2237 sue
937 2199 990 2253 pro
1014 2200 1048 2238 eo
1071 2181 1149 2255 quod
1169 2199 1246 2236 anno
1269 2182 1445 2253 praecedenti
1459 2166 1475 2217 ¹·
1490 2172 1545 2219 Μ·
1558 2176 1599 2219 ⁴⁰·

1648 2834 1654 2841 ·
