3625 5784
719 818 987 869 mromrnsnsrs
1010 819 1219 872 onnonrcon.
1439 811 1503 876 133

452 1013 680 1073 venditionibus.
727 1012 857 1072 Tandem
879 1015 957 1072 circa
979 1017 1186 1073 exaltationem
1209 1023 1317 1074 senatee
1333 1018 1427 1075 crucia
1449 1038 1500 1076 rex

452 1104 592 1160 liberatus
614 1105 727 1160 obsedit
750 1105 966 1178 imperatricem
989 1105 1022 1161 in
1044 1107 1116 1163 urbe
1132 1107 1251 1163 Oxoniae
1275 1125 1293 1162 a
1315 1107 1390 1164 festo
1405 1109 1499 1166 sancti

451 1193 605 1250 Michaelis
642 1212 733 1267 usque
779 1195 817 1250 ed
860 1196 959 1250 natale
1005 1195 1128 1262 domini,
1174 1201 1281 1252 cuncte
1314 1197 1495 1255 extrinsecus

452 1282 637 1339 devastando.
695 1285 896 1340 Invaleseente
937 1285 1056 1340 tandem
1089 1285 1187 1341 inedia
1219 1286 1390 1358 imperatrix
1422 1289 1496 1346 albis

450 1372 578 1428 restibus
632 1379 767 1445 cooperta
822 1391 874 1446 per
919 1373 1079 1429 'Phemisim
1126 1375 1307 1446 congelatam
1353 1379 1383 1432 et
1427 1377 1496 1434 nive

450 1479 634 1534 compernem
678 1464 772 1518 evasit
815 1481 908 1534 usque
952 1463 991 1517 ed
1035 1463 1264 1536 Wellyngl'orth,
1303 1482 1372 1520 nam
1417 1467 1494 1522 oculi

450 1550 647 1606 obsidentium
669 1570 722 1625 per
752 1551 829 1607 nivis
851 1553 1115 1608 reverberationem
1138 1553 1234 1610 delusi
1256 1559 1347 1609 erant.
1391 1555 1429 1609 Et
1452 1556 1494 1612 sic

450 1641 518 1695 urbs
540 1641 661 1697 Oxcniae
683 1642 746 1713 regi
778 1641 892 1697 reddita
923 1647 976 1698 eet.
1022 1641 1106 1698 Circa
1128 1643 1191 1698 haec
1222 1647 1354 1714 tempore
1376 1643 1494 1715 quidam

449 1730 589 1801 magister
610 1731 758 1787 Arnsldrne
780 1730 952 1803 praedicarit
973 1731 1075 1787 Romae
1097 1737 1199 1788 contre
1221 1731 1326 1788 divites
1349 1737 1379 1788 et
1393 1739 1495 1790 contra

451 1820 682 1890 superfluitatem
712 1820 875 1876 hominum.
921 1821 985 1891 Qua
1007 1820 1043 1876 de
1073 1839 1159 1876 eausa
1188 1822 1276 1876 multi
1299 1822 1493 1894 sequebantur

450 1927 527 1964 eum.
572 1909 703 1965 Tandem
724 1915 827 1982 captus
848 1915 893 1965 est
915 1915 945 1965 et
960 1928 1012 1982 per
1026 1909 1126 1965 odium
1149 1911 1321 1966 clericorum
1337 1929 1493 1985 suspensus

449 2003 502 2053 est.
548 1999 612 2069 Quo
634 2000 723 2055 etiam
757 2017 834 2055 anno
865 1999 939 2055 obiit
972 1999 1121 2054 lohannes
1154 1999 1189 2055 de
1213 2001 1403 2071 Temporibus
1438 2003 1488 2074 qui

448 2088 561 2143 vixerat
583 2088 683 2159 ainlxj.
705 2087 798 2157 anuis,
821 2094 853 2144 et
874 2088 1002 2160 armiger
1023 2089 1124 2158 magni
1147 2089 1243 2145 Caroli
1266 2088 1410 2147 extiterat.

278 2172 424 2250 Item'Ges-
492 2177 655 2232 celestinus
692 2178 836 2233 secundus
873 2183 940 2250 post
977 2177 1182 2234 Innocentium
1221 2178 1251 2250 ij.
1292 2180 1367 2237 sedit
1416 2199 1492 2253 papa

274 2246 407 2360 ffimg’m
446 2266 594 2323 mensibus
640 2267 777 2339 quinque.
845 2268 916 2323 Post
969 2285 1055 2339 quem
1109 2266 1216 2324 Lucius
1260 2269 1408 2326 mensibus
1452 2271 1491 2342 xj.

277 2395 350 2463 ffigd
369 2348 417 2451 nii'
448 2356 598 2427 Eugenius
623 2357 729 2413 tertius
764 2356 841 2412 sedit
864 2375 940 2428 papa
973 2356 1059 2412 annis
1091 2355 1153 2428 viij.
1185 2357 1333 2413 mensibus
1358 2378 1386 2414 v.
1432 2359 1491 2415 Hic

274 2437 358 2515 242:
415 2440 422 2453 ‘
448 2462 514 2500 cum
538 2446 667 2518 primum
688 2453 764 2502 esset
788 2447 949 2518 discipulus
980 2446 1057 2502 beati
1076 2446 1228 2512 Bemsrffi,
1253 2450 1283 2502 et
1306 2448 1491 2520 postmodnm

448 2535 535 2590 abbas
557 2537 652 2590 sancti
673 2536 824 2592 Anastasii
839 2535 927 2607 juxta
941 2535 1064 2591 Romam
1080 2554 1115 2590 ex
1131 2536 1272 2608 inspirato
1287 2537 1324 2591 ad
1340 2538 1490 2594 ecclesiam

449 2623 558 2679 Geserii
588 2626 718 2690 veniens,
767 2643 819 2698 per
856 2624 1019 2680 cardinales
1058 2624 1166 2680 electus
1206 2630 1260 2690 est,
1292 2626 1343 2682 sed
1372 2631 1491 2699 propter

447 2720 559 2768 metum
580 2721 746 2770 senatorum
765 2719 848 2770 extra
872 2714 974 2769 urbem
1004 2719 1187 2770 consecratus
1218 2719 1270 2769 est.
1317 2715 1375 2770 Hie
1406 2733 1490 2771 cruce

446 2802 575 2873 signavit
620 2803 805 2860 Lcdowicum
848 2821 948 2875 regem
986 2801 1126 2859 Francia.
1187 2802 1287 2858 Remis
1324 2802 1356 2858 iu
1395 2805 1491 2860 Gallie

446 2892 604 2949 concilium
636 2894 801 2950 celebravit.
849 2892 898 2949 Ad
931 2910 1018 2964 quem
1051 2892 1140 2947 etiam
1174 2896 1292 2948 sanetus
1324 2893 1491 2949 Bernsrdus

446 2980 534 3036 abbas
571 2983 688 3055 scripsit
726 2983 816 3039 libros
850 2983 886 3039 de
926 2981 1165 3038 consideratione.
1211 2981 1357 3036 Ranulfus
1389 2984 1491 3038 consul

446 3069 565 3128 Gestriae
588 3090 655 3128 cnm
686 3074 816 3129 militum
852 3071 944 3143 copiis
980 3071 1157 3144 Velyngl'crt
1180 3070 1300 3125 veniens
1332 3089 1400 3126 aum
1421 3090 1491 3143 rege

444 3161 634 3217 concordatus
678 3166 732 3218 est.
794 3162 853 3218 Sed
898 3161 957 3216 cito
995 3165 1061 3232 post
1105 3160 1138 3213 in
1175 3158 1367 3232 parliamento
1411 3163 1490 3232 apud

445 3249 721 3323 Northamptoniam
764 3251 862 3307 dolose
903 3255 1006 3322 ceptus
1040 3254 1094 3313 eet,
1132 3266 1187 3304 nec
1231 3249 1346 3304 liberari
1382 3251 1489 3322 potnit,

444 3338 535 3394 donec
573 3346 702 3396 cestrum
741 3339 903 3396 Lincolniae
941 3339 1122 3395 reddidisset.
1166 3338 1290 3395 Interim
1327 3339 1490 3396 Wellensee

442 3433 630 3484 vastaverunt
678 3429 859 3502 provinciam
903 3427 1093 3484 Oestrensem.
1162 3428 1221 3483 Sed
1272 3429 1351 3500 apud
1392 3429 1490 3486 vicum

444 3510 600 3576 Malbum1
622 3519 778 3591 intercepti
801 3524 878 3574 suut
926 3518 965 3574 Et
987 3518 1172 3590 postmodum
1195 3536 1246 3573 rex
1270 3517 1436 3590 Stephanus
1458 3519 1490 3574 in

443 3611 514 3666 urbe
535 3609 734 3666 Lincclniensi
749 3614 903 3664 coronatus
918 3613 972 3673 est,
997 3607 1074 3680 quod
1098 3607 1175 3661 nulli
1198 3624 1302 3678 regum
1317 3607 1488 3679 contigerat.

444 3701 544 3772 quue
566 3717 644 3755 anno
667 3698 817 3754 conradus
846 3698 1015 3769 imperator,
1052 3695 1229 3770 Lodowycus
1262 3714 1313 3752 rex
1347 3698 1489 3764 Francius,

443 3807 539 3844 comes
577 3787 724 3844 Flandriae
756 3792 787 3842 et
821 3786 909 3842 multi
942 3785 994 3841 alii
1023 3803 1108 3842 eruce
1142 3785 1251 3857 signati
1286 3787 1365 3842 viam
1402 3793 1489 3844 terrae

444 3878 539 3952 magis
562 3895 650 3950 quem
682 3877 772 3931 meris
803 3876 957 3946 eligentes,
981 3875 1104 3931 transita
1136 3875 1291 3946 Hungaria
1313 3894 1365 3948 per
1389 3875 1489 3931 dolum

443 3957 649 4040 imperatoris²
671 3965 988 4038 Constantinopolitani
1026 3964 1134 4037 proditi
1172 3969 1270 4030 sunt;
1301 3982 1370 4019 nam
1401 3964 1489 4020 multi

443 4063 560 4128 gustata
581 4055 676 4112 farina
710 4056 789 4111 calae
810 4054 903 4110 mixte
936 4054 1067 4110 defuncti
1102 4058 1180 4118 sunt,
1204 4053 1303 4109 caeteri
1326 4053 1414 4108 multi
1437 4059 1490 4108 aut

443 4145 542 4217 gladio
558 4152 611 4202 aut
625 4148 701 4201 fame
716 4150 836 4217 propter
849 4162 952 4201 eorum
967 4143 1112 4199 luxuriem
1129 4148 1158 4198 et
1172 4141 1306 4214 rapinum
1322 4143 1489 4214 consumpti

276 4246 359 4313 Twys.
370 4251 418 4302 001,
444 4240 520 4300 sunt
566 4234 694 4291 Rediens
725 4253 776 4290 rex
808 4234 979 4290 leodowinus
1016 4233 1051 4287 de
1086 4232 1176 4286 Terra
1205 4235 1315 4296 sancta,
1354 4249 1422 4286 cum
1453 4247 1488 4285 ex

275 4318 348 4368 2³⁸⁸·
442 4325 558 4381 diutina
580 4324 762 4380 continentia
784 4331 814 4378 et
836 4323 930 4379 coitus
953 4322 1078 4387 delectu,
1101 4325 1189 4392 prout
1211 4318 1317 4375 medici
1339 4319 1487 4385 dicebant,

472 4571 481 4605 ¹
506 4571 609 4635 Wyeun
620 4565 873 4631 Malbananffligd.
984 4563 1074 4631 prodit
1092 4562 1239 4632 peregrinas
1257 4563 1285 4612 ia
1307 4565 1401 4612 terram
1418 4579 1494 4614 sanc·

473 4649 484 4683 ²
500 4649 542 4702 On
561 4651 605 4701 the
621 4647 720 4716 margin
738 4648 768 4698 oi
781 4649 845 4698 both
863 4645 940 4698 MSS.
990 4649 1049 4694 tam.

414 4748 417 4753 ·
440 4730 463 4781 is
477 4729 621 4800 Imperator
641 4725 941 4793 Constantinopolitanae
