<?xml version="1.0" encoding="UTF-8"?>
<!DOCTYPE html PUBLIC "-//W3C//DTD XHTML 1.0 Transitional//EN"
    "http://www.w3.org/TR/xhtml1/DTD/xhtml1-transitional.dtd">
<html xmlns="http://www.w3.org/1999/xhtml" xml:lang="en" lang="en">
 <head>
  <title>
</title>
<meta http-equiv="Content-Type" content="text/html;charset=utf-8" />
  <meta name='ocr-system' content='tesseract 3.04.00' />
  <meta name='ocr-capabilities' content='ocr_page ocr_carea ocr_par ocr_line ocrx_word'/>
</head>
<body>
  <div class='ocr_page' id='page_1' title='image "./chroniconhenric00lumbgoog_0392.png"; bbox 0 0 3625 5784; ppageno 0'>
   <div class='ocr_carea' id='block_1_1' title="bbox 590 855 1374 922">
    <p class='ocr_par' dir='ltr' id='par_1_1' title="bbox 590 855 1374 922">
     <span class='ocr_line' id='line_1_1' title="bbox 590 855 1374 922; baseline -0.001 -1"><span class='ocrx_word' id='word_1_1' title='bbox 590 873 862 922; x_wconf 77' lang='lat' dir='ltr'><strong>aavcnsrsausrs</strong></span> <span class='ocrx_word' id='word_1_2' title='bbox 885 870 1096 920; x_wconf 83' lang='lat' dir='ltr'><strong>cnsourcou.</strong></span> <span class='ocrx_word' id='word_1_3' title='bbox 1309 855 1374 920; x_wconf 87' lang='grc'><strong>369</strong></span> 
     </span>
    </p>
   </div>
   <div class='ocr_carea' id='block_1_2' title="bbox 320 1054 1547 2662">
    <p class='ocr_par' dir='ltr' id='par_1_2' title="bbox 320 1054 1373 1141">
     <span class='ocr_line' id='line_1_2' title="bbox 320 1054 1373 1141; baseline 0.002 -22"><span class='ocrx_word' id='word_1_4' title='bbox 320 1055 386 1120; x_wconf 89' lang='lat' dir='ltr'><strong>levi</strong></span> <span class='ocrx_word' id='word_1_5' title='bbox 409 1057 489 1122; x_wconf 87' lang='lat' dir='ltr'><strong>data</strong></span> <span class='ocrx_word' id='word_1_6' title='bbox 521 1057 663 1122; x_wconf 89' lang='lat' dir='ltr'><strong>licentia.</strong></span> <span class='ocrx_word' id='word_1_7' title='bbox 711 1055 1019 1141; x_wconf 79' lang='lat' dir='ltr'><strong>Transfrctavitque</strong></span> <span class='ocrx_word' id='word_1_8' title='bbox 1052 1077 1112 1120; x_wconf 86' lang='lat' dir='ltr'><strong>rex</strong></span> <span class='ocrx_word' id='word_1_9' title='bbox 1142 1057 1229 1121; x_wconf 91' lang='lat' dir='ltr'><strong>circa</strong></span> <span class='ocrx_word' id='word_1_10' title='bbox 1250 1054 1373 1121; x_wconf 87' lang='lat' dir='ltr'><strong>festum</strong></span> 
     </span>
    </p>

    <p class='ocr_par' dir='ltr' id='par_1_3' title="bbox 320 1156 1374 1344">
     <span class='ocr_line' id='line_1_3' title="bbox 320 1156 1374 1243; baseline 0 -23"><span class='ocrx_word' id='word_1_11' title='bbox 320 1158 426 1222; x_wconf 89' lang='lat' dir='ltr'><strong>sancti</strong></span> <span class='ocrx_word' id='word_1_12' title='bbox 465 1157 701 1223; x_wconf 86' lang='lat' dir='ltr'><strong>Bartholomaei</strong></span> <span class='ocrx_word' id='word_1_13' title='bbox 746 1158 781 1221; x_wconf 92' lang='lat' dir='ltr'><strong>in</strong></span> <span class='ocrx_word' id='word_1_14' title='bbox 827 1157 1029 1233; x_wconf 85' lang='lat' dir='ltr'><strong>Flandn&#39;am,</strong></span> <span class='ocrx_word' id='word_1_15' title='bbox 1067 1161 1102 1221; x_wconf 88' lang='lat' dir='ltr'><strong>et</strong></span> <span class='ocrx_word' id='word_1_16' title='bbox 1124 1156 1286 1243; x_wconf 75' lang='lat' dir='ltr'>applicuit</span> <span class='ocrx_word' id='word_1_17' title='bbox 1331 1157 1374 1220; x_wconf 91' lang='lat' dir='ltr'><strong>ad</strong></span> 
     </span>
     <span class='ocr_line' id='line_1_4' title="bbox 320 1257 1373 1344; baseline -0.001 -22"><span class='ocrx_word' id='word_1_18' title='bbox 320 1263 462 1343; x_wconf 90' lang='lat' dir='ltr'><strong>portum</strong></span> <span class='ocrx_word' id='word_1_19' title='bbox 477 1260 518 1323; x_wconf 89' lang='lat' dir='ltr'><strong>dc</strong></span> <span class='ocrx_word' id='word_1_20' title='bbox 542 1259 674 1344; x_wconf 85' lang='lat' dir='ltr'><strong>Swyne.</strong></span> <span class='ocrx_word' id='word_1_21' title='bbox 722 1257 828 1344; x_wconf 84' lang='lat' dir='ltr'><strong>Cujus</strong></span> <span class='ocrx_word' id='word_1_22' title='bbox 865 1257 1038 1322; x_wconf 74' lang='lat' dir='ltr'><strong>historiam</strong></span> <span class='ocrx_word' id='word_1_23' title='bbox 1066 1257 1297 1342; x_wconf 85' lang='lat' dir='ltr'><strong>prosequimur</strong></span> <span class='ocrx_word' id='word_1_24' title='bbox 1319 1257 1373 1322; x_wconf 92' lang='lat' dir='ltr'><strong>hic</strong></span> 
     </span>
    </p>

    <p class='ocr_par' dir='ltr' id='par_1_4' title="bbox 320 1357 1373 1450">
     <span class='ocr_line' id='line_1_5' title="bbox 320 1357 1373 1450; baseline -0.001 -26"><span class='ocrx_word' id='word_1_25' title='bbox 320 1365 396 1444; x_wconf 90' lang='lat' dir='ltr'><strong>post</strong></span> <span class='ocrx_word' id='word_1_26' title='bbox 427 1382 612 1450; x_wconf 86' lang='lat' dir='ltr'><strong>regressum</strong></span> <span class='ocrx_word' id='word_1_27' title='bbox 635 1362 792 1426; x_wconf 86' lang='lat' dir='ltr'><strong>comitum</strong></span> <span class='ocrx_word' id='word_1_28' title='bbox 815 1359 851 1424; x_wconf 92' lang='lat' dir='ltr'><strong>in</strong></span> <span class='ocrx_word' id='word_1_29' title='bbox 874 1361 1020 1445; x_wconf 87' lang='lat' dir='ltr'><strong>patriam</strong></span> <span class='ocrx_word' id='word_1_30' title='bbox 1051 1381 1155 1424; x_wconf 91' lang='lat' dir='ltr'><strong>suam.</strong></span> <span class='ocrx_word' id='word_1_31' title='bbox 1201 1357 1373 1424; x_wconf 82' lang='lat' dir='ltr'><strong>Comites¹</strong></span> 
     </span>
    </p>

    <p class='ocr_par' dir='ltr' id='par_1_5' title="bbox 321 1459 1374 1546">
     <span class='ocr_line' id='line_1_6' title="bbox 321 1459 1374 1546; baseline 0.001 -23"><span class='ocrx_word' id='word_1_32' title='bbox 321 1481 400 1524; x_wconf 92' lang='lat' dir='ltr'><strong>vcro</strong></span> <span class='ocrx_word' id='word_1_33' title='bbox 434 1461 585 1546; x_wconf 81' lang='lat' dir='ltr'><strong>praedicti</strong></span> <span class='ocrx_word' id='word_1_34' title='bbox 618 1482 693 1526; x_wconf 90' lang='lat' dir='ltr'><strong>cum</strong></span> <span class='ocrx_word' id='word_1_35' title='bbox 727 1460 926 1546; x_wconf 92' lang='lat' dir='ltr'><strong>quibusdam</strong></span> <span class='ocrx_word' id='word_1_36' title='bbox 958 1459 1137 1525; x_wconf 75' lang='lat' dir='ltr'><strong>baronibus</strong></span> <span class='ocrx_word' id='word_1_37' title='bbox 1159 1459 1374 1544; x_wconf 88' lang='lat' dir='ltr'><strong>complicibus</strong></span> 
     </span>
    </p>

    <p class='ocr_par' dir='ltr' id='par_1_6' title="bbox 322 1560 1373 1646">
     <span class='ocr_line' id='line_1_7' title="bbox 322 1560 1373 1646; baseline -0.001 -20"><span class='ocrx_word' id='word_1_38' title='bbox 322 1562 389 1626; x_wconf 90' lang='lat' dir='ltr'><strong>suis</strong></span> <span class='ocrx_word' id='word_1_39' title='bbox 422 1563 546 1627; x_wconf 89' lang='lat' dir='ltr'><strong>reversi</strong></span> <span class='ocrx_word' id='word_1_40' title='bbox 569 1569 648 1628; x_wconf 92' lang='lat' dir='ltr'><strong>sunt</strong></span> <span class='ocrx_word' id='word_1_41' title='bbox 679 1563 883 1628; x_wconf 88' lang='lat' dir='ltr'><strong>Londoniam</strong></span> <span class='ocrx_word' id='word_1_42' title='bbox 919 1561 1133 1646; x_wconf 72' lang='lat' dir='ltr'><strong>prohibentes</strong></span> <span class='ocrx_word' id='word_1_43' title='bbox 1167 1560 1373 1626; x_wconf 71' lang='lat' dir='ltr'><strong>cancellario</strong></span> 
     </span>
    </p>

    <p class='ocr_par' dir='ltr' id='par_1_7' title="bbox 322 1663 1547 2662">
     <span class='ocr_line' id='line_1_8' title="bbox 322 1663 1518 1751; baseline 0 -25"><span class='ocrx_word' id='word_1_44' title='bbox 322 1665 408 1751; x_wconf 84' lang='lat' dir='ltr'><strong>regis</strong></span> <span class='ocrx_word' id='word_1_45' title='bbox 446 1669 481 1728; x_wconf 93' lang='lat' dir='ltr'><strong>et</strong></span> <span class='ocrx_word' id='word_1_46' title='bbox 517 1663 698 1728; x_wconf 78' lang='lat' dir='ltr'><strong>baronibus</strong></span> <span class='ocrx_word' id='word_1_47' title='bbox 735 1663 889 1728; x_wconf 75' lang='lat' dir='ltr'><strong>scaccarii</strong></span> <span class='ocrx_word' id='word_1_48' title='bbox 928 1684 970 1727; x_wconf 89' lang='lat' dir='ltr'><strong>ne</strong></span> <span class='ocrx_word' id='word_1_49' title='bbox 1004 1668 1159 1728; x_wconf 92' lang='lat' dir='ltr'><strong>octavum</strong></span> <span class='ocrx_word' id='word_1_50' title='bbox 1198 1663 1371 1728; x_wconf 85' lang='lat' dir='ltr'><strong>denarium</strong></span> <span class='ocrx_word' id='word_1_51' title='bbox 1386 1683 1518 1734; x_wconf 77' lang='lat' dir='ltr'><strong>rheearu</strong></span> 
     </span>
     <span class='ocr_line' id='line_1_9' title="bbox 323 1749 1526 1880; baseline -0.001 -51"><span class='ocrx_word' id='word_1_52' title='bbox 323 1787 420 1851; x_wconf 90' lang='lat' dir='ltr'><strong>quem</strong></span> <span class='ocrx_word' id='word_1_53' title='bbox 455 1788 514 1830; x_wconf 88' lang='lat' dir='ltr'><strong>rex</strong></span> <span class='ocrx_word' id='word_1_54' title='bbox 538 1767 724 1852; x_wconf 73' lang='lat' dir='ltr'><strong>expetierat</strong></span> <span class='ocrx_word' id='word_1_55' title='bbox 756 1786 776 1830; x_wconf 88' lang='lat' dir='ltr'><strong>a</strong></span> <span class='ocrx_word' id='word_1_56' title='bbox 810 1755 941 1851; x_wconf 90' lang='lat' dir='ltr'><strong>populo,</strong></span> <span class='ocrx_word' id='word_1_57' title='bbox 965 1765 1019 1830; x_wconf 90' lang='lat' dir='ltr'><strong>vel</strong></span> <span class='ocrx_word' id='word_1_58' title='bbox 1052 1765 1206 1850; x_wconf 91' lang='lat' dir='ltr'><strong>quintum</strong></span> <span class='ocrx_word' id='word_1_59' title='bbox 1234 1787 1256 1829; x_wconf 93' lang='lat' dir='ltr'><strong>a</strong></span> <span class='ocrx_word' id='word_1_60' title='bbox 1277 1749 1526 1880; x_wconf 57' lang='lat' dir='ltr'><strong>⁰l⁰r⁰²iiiiii0ih⁰</strong></span> 
     </span>
     <span class='ocr_line' id='line_1_10' title="bbox 324 1866 1504 1953; baseline 0 -21"><span class='ocrx_word' id='word_1_61' title='bbox 324 1889 382 1932; x_wconf 87' lang='lat' dir='ltr'><strong>sau</strong></span> <span class='ocrx_word' id='word_1_62' title='bbox 404 1868 549 1953; x_wconf 86' lang='lat' dir='ltr'><strong>aliquam</strong></span> <span class='ocrx_word' id='word_1_63' title='bbox 572 1869 783 1934; x_wconf 84' lang='lat' dir='ltr'><strong>vexationem</strong></span> <span class='ocrx_word' id='word_1_64' title='bbox 807 1871 1002 1952; x_wconf 84' lang='lat' dir='ltr'><strong>expeterent</strong></span> <span class='ocrx_word' id='word_1_65' title='bbox 1033 1866 1087 1930; x_wconf 94' lang='lat' dir='ltr'><strong>vel</strong></span> <span class='ocrx_word' id='word_1_66' title='bbox 1119 1866 1270 1931; x_wconf 87' lang='lat' dir='ltr'><strong>levarent</strong></span> <span class='ocrx_word' id='word_1_67' title='bbox 1293 1887 1374 1952; x_wconf 92' lang='lat' dir='ltr'><strong>quo·</strong></span> <span class='ocrx_word' id='word_1_68' title='bbox 1386 1881 1504 1947; x_wconf 71' lang='lat' dir='ltr'><strong>taching</strong></span> 
     </span>
     <span class='ocr_line' id='line_1_11' title="bbox 324 1949 1547 2058; baseline 0 -26"><span class='ocrx_word' id='word_1_69' title='bbox 324 1969 495 2054; x_wconf 92' lang='lat' dir='ltr'><strong>quomodo.</strong></span> <span class='ocrx_word' id='word_1_70' title='bbox 552 1969 769 2058; x_wconf 84' lang='lat' dir='ltr'><strong>Rogaverunt</strong></span> <span class='ocrx_word' id='word_1_71' title='bbox 802 1969 903 2033; x_wconf 89' lang='lat' dir='ltr'><strong>etiam</strong></span> <span class='ocrx_word' id='word_1_72' title='bbox 939 1967 1181 2032; x_wconf 86' lang='lat' dir='ltr'><strong>Londonienses</strong></span> <span class='ocrx_word' id='word_1_73' title='bbox 1216 1973 1374 2053; x_wconf 88' lang='lat' dir='ltr'><strong>tanquam</strong></span> <span class='ocrx_word' id='word_1_74' title='bbox 1387 1949 1547 1999; x_wconf 52' lang='lat' dir='ltr'><strong>mmm</strong></span> 
     </span>
     <span class='ocr_line' id='line_1_12' title="bbox 325 2069 1375 2154; baseline -0.002 -19"><span class='ocrx_word' id='word_1_75' title='bbox 325 2070 446 2135; x_wconf 91' lang='lat' dir='ltr'><strong>amicos</strong></span> <span class='ocrx_word' id='word_1_76' title='bbox 484 2077 518 2135; x_wconf 89' lang='lat' dir='ltr'><strong>et</strong></span> <span class='ocrx_word' id='word_1_77' title='bbox 556 2069 748 2147; x_wconf 80' lang='lat' dir='ltr'><strong>confratres,</strong></span> <span class='ocrx_word' id='word_1_78' title='bbox 783 2075 822 2134; x_wconf 91' lang='lat' dir='ltr'><strong>ut</strong></span> <span class='ocrx_word' id='word_1_79' title='bbox 861 2070 896 2133; x_wconf 92' lang='lat' dir='ltr'><strong>in</strong></span> <span class='ocrx_word' id='word_1_80' title='bbox 935 2070 1129 2154; x_wconf 78' lang='lat' dir='ltr'><strong>expetendis</strong></span> <span class='ocrx_word' id='word_1_81' title='bbox 1164 2070 1375 2134; x_wconf 81' lang='lat' dir='ltr'><strong>libertatibus</strong></span> 
     </span>
     <span class='ocr_line' id='line_1_13' title="bbox 325 2171 1376 2260; baseline 0 -24"><span class='ocrx_word' id='word_1_82' title='bbox 325 2193 454 2260; x_wconf 83' lang='lat' dir='ltr'><strong>magnae</strong></span> <span class='ocrx_word' id='word_1_83' title='bbox 477 2177 577 2237; x_wconf 68' lang='lat' dir='ltr'><strong>camae</strong></span> <span class='ocrx_word' id='word_1_84' title='bbox 601 2173 647 2237; x_wconf 88' lang='lat' dir='ltr'><strong>eis</strong></span> <span class='ocrx_word' id='word_1_85' title='bbox 670 2173 822 2236; x_wconf 84' lang='lat' dir='ltr'><strong>assistere</strong></span> <span class='ocrx_word' id='word_1_86' title='bbox 854 2171 988 2246; x_wconf 91' lang='lat' dir='ltr'><strong>vellent,</strong></span> <span class='ocrx_word' id='word_1_87' title='bbox 1012 2176 1046 2236; x_wconf 90' lang='lat' dir='ltr'><strong>et</strong></span> <span class='ocrx_word' id='word_1_88' title='bbox 1082 2191 1195 2236; x_wconf 90' lang='lat' dir='ltr'><strong>curam</strong></span> <span class='ocrx_word' id='word_1_89' title='bbox 1218 2171 1376 2236; x_wconf 91' lang='lat' dir='ltr'><strong>adhibere</strong></span> 
     </span>
     <span class='ocr_line' id='line_1_14' title="bbox 326 2273 1377 2359; baseline -0.002 -21"><span class='ocrx_word' id='word_1_90' title='bbox 326 2274 464 2338; x_wconf 88' lang='lat' dir='ltr'><strong>fidelem.</strong></span> <span class='ocrx_word' id='word_1_91' title='bbox 510 2274 564 2338; x_wconf 89' lang='lat' dir='ltr'><strong>Ita</strong></span> <span class='ocrx_word' id='word_1_92' title='bbox 595 2274 684 2359; x_wconf 92' lang='lat' dir='ltr'><strong>quod</strong></span> <span class='ocrx_word' id='word_1_93' title='bbox 713 2274 793 2358; x_wconf 89' lang='lat' dir='ltr'><strong>jura</strong></span> <span class='ocrx_word' id='word_1_94' title='bbox 815 2273 948 2358; x_wconf 87' lang='lat' dir='ltr'><strong>perdita</strong></span> <span class='ocrx_word' id='word_1_95' title='bbox 970 2294 1163 2358; x_wconf 86' lang='lat' dir='ltr'><strong>recuperare</strong></span> <span class='ocrx_word' id='word_1_96' title='bbox 1186 2279 1320 2358; x_wconf 88' lang='lat' dir='ltr'><strong>possent</strong></span> <span class='ocrx_word' id='word_1_97' title='bbox 1342 2278 1377 2337; x_wconf 93' lang='lat' dir='ltr'><strong>et</strong></span> 
     </span>
     <span class='ocr_line' id='line_1_15' title="bbox 326 2374 1373 2462; baseline -0.001 -22"><span class='ocrx_word' id='word_1_98' title='bbox 326 2380 519 2462; x_wconf 86' lang='lat' dir='ltr'><strong>recuperata</strong></span> <span class='ocrx_word' id='word_1_99' title='bbox 541 2377 636 2442; x_wconf 89' lang='lat' dir='ltr'><strong>tueri.</strong></span> <span class='ocrx_word' id='word_1_100' title='bbox 683 2377 728 2439; x_wconf 89' lang='lat' dir='ltr'><strong>Et</strong></span> <span class='ocrx_word' id='word_1_101' title='bbox 750 2397 792 2440; x_wconf 90' lang='lat' dir='ltr'><strong>ne</strong></span> <span class='ocrx_word' id='word_1_102' title='bbox 815 2375 933 2460; x_wconf 90' lang='lat' dir='ltr'><strong>rapina</strong></span> <span class='ocrx_word' id='word_1_103' title='bbox 965 2374 1019 2438; x_wconf 91' lang='lat' dir='ltr'><strong>vel</strong></span> <span class='ocrx_word' id='word_1_104' title='bbox 1042 2375 1231 2440; x_wconf 82' lang='lat' dir='ltr'><strong>extorsione</strong></span> <span class='ocrx_word' id='word_1_105' title='bbox 1254 2375 1373 2440; x_wconf 89' lang='lat' dir='ltr'><strong>illicita</strong></span> 
     </span>
     <span class='ocr_line' id='line_1_16' title="bbox 326 2475 1527 2564; baseline -0.001 -23"><span class='ocrx_word' id='word_1_106' title='bbox 326 2482 460 2562; x_wconf 89' lang='lat' dir='ltr'><strong>possent</strong></span> <span class='ocrx_word' id='word_1_107' title='bbox 497 2477 592 2564; x_wconf 86' lang='lat' dir='ltr'><strong>argui</strong></span> <span class='ocrx_word' id='word_1_108' title='bbox 638 2477 673 2540; x_wconf 91' lang='lat' dir='ltr'><strong>in</strong></span> <span class='ocrx_word' id='word_1_109' title='bbox 705 2481 886 2562; x_wconf 89' lang='lat' dir='ltr'><strong>posterum,</strong></span> <span class='ocrx_word' id='word_1_110' title='bbox 930 2475 1079 2560; x_wconf 84' lang='lat' dir='ltr'><strong>praedicti</strong></span> <span class='ocrx_word' id='word_1_111' title='bbox 1119 2477 1255 2540; x_wconf 89' lang='lat' dir='ltr'><strong>comites</strong></span> <span class='ocrx_word' id='word_1_112' title='bbox 1301 2497 1376 2562; x_wconf 91' lang='lat' dir='ltr'><strong>pro-</strong></span> <span class='ocrx_word' id='word_1_113' title='bbox 1389 2490 1527 2553; x_wconf 75' lang='lat' dir='ltr'><strong>Theyalao</strong></span> 
     </span>
     <span class='ocr_line' id='line_1_17' title="bbox 326 2557 1474 2662; baseline -0.002 -20"><span class='ocrx_word' id='word_1_114' title='bbox 326 2578 467 2642; x_wconf 87' lang='lat' dir='ltr'><strong>clamare</strong></span> <span class='ocrx_word' id='word_1_115' title='bbox 489 2577 639 2642; x_wconf 86' lang='lat' dir='ltr'><strong>fecerunt</strong></span> <span class='ocrx_word' id='word_1_116' title='bbox 660 2599 702 2642; x_wconf 91' lang='lat' dir='ltr'><strong>ne</strong></span> <span class='ocrx_word' id='word_1_117' title='bbox 725 2598 860 2641; x_wconf 91' lang='lat' dir='ltr'><strong>suorum</strong></span> <span class='ocrx_word' id='word_1_118' title='bbox 895 2577 1069 2662; x_wconf 89' lang='lat' dir='ltr'><strong>quisquam</strong></span> <span class='ocrx_word' id='word_1_119' title='bbox 1093 2599 1163 2640; x_wconf 90' lang='lat' dir='ltr'><strong>rem</strong></span> <span class='ocrx_word' id='word_1_120' title='bbox 1187 2598 1375 2661; x_wconf 89' lang='lat' dir='ltr'><strong>quamcum-</strong></span> <span class='ocrx_word' id='word_1_121' title='bbox 1388 2557 1474 2606; x_wconf 55' lang='lat' dir='ltr'><strong>md</strong></span> 
     </span>
    </p>
   </div>
   <div class='ocr_carea' id='block_1_3' title="bbox 327 2628 1550 2764">
    <p class='ocr_par' dir='ltr' id='par_1_8' title="bbox 327 2628 1550 2764">
     <span class='ocr_line' id='line_1_18' title="bbox 327 2628 1550 2764; baseline -0.007 -20"><span class='ocrx_word' id='word_1_122' title='bbox 327 2700 390 2764; x_wconf 89' lang='lat' dir='ltr'><strong>que</strong></span> <span class='ocrx_word' id='word_1_123' title='bbox 422 2678 584 2744; x_wconf 88' lang='lat' dir='ltr'><strong>modicam</strong></span> <span class='ocrx_word' id='word_1_124' title='bbox 618 2683 750 2764; x_wconf 91' lang='lat' dir='ltr'><strong>caperet</strong></span> <span class='ocrx_word' id='word_1_125' title='bbox 772 2700 793 2742; x_wconf 87' lang='lat' dir='ltr'><strong>a</strong></span> <span class='ocrx_word' id='word_1_126' title='bbox 825 2699 1030 2763; x_wconf 88' lang='lat' dir='ltr'><strong>quocumque</strong></span> <span class='ocrx_word' id='word_1_127' title='bbox 1063 2678 1128 2741; x_wconf 92' lang='lat' dir='ltr'><strong>nisi</strong></span> <span class='ocrx_word' id='word_1_128' title='bbox 1162 2678 1257 2762; x_wconf 87' lang='lat' dir='ltr'><strong>justo</strong></span> <span class='ocrx_word' id='word_1_129' title='bbox 1296 2679 1376 2742; x_wconf 90' lang='lat' dir='ltr'><strong>dato</strong></span> <span class='ocrx_word' id='word_1_130' title='bbox 1388 2628 1550 2751; x_wconf 54' lang='lat' dir='ltr'><strong>ii‘isii&#39;ie</strong></span> 
     </span>
    </p>
   </div>
   <div class='ocr_carea' id='block_1_4' title="bbox 326 2753 1546 4287">
    <p class='ocr_par' dir='ltr' id='par_1_9' title="bbox 326 2753 1506 3173">
     <span class='ocr_line' id='line_1_19' title="bbox 326 2753 1506 2871; baseline -0.001 -26"><span class='ocrx_word' id='word_1_131' title='bbox 326 2782 442 2866; x_wconf 88' lang='lat' dir='ltr'><strong>preti0,</strong></span> <span class='ocrx_word' id='word_1_132' title='bbox 465 2785 500 2846; x_wconf 89' lang='lat' dir='ltr'><strong>et</strong></span> <span class='ocrx_word' id='word_1_133' title='bbox 522 2781 582 2846; x_wconf 90' lang='lat' dir='ltr'><strong>hoc</strong></span> <span class='ocrx_word' id='word_1_134' title='bbox 613 2781 675 2846; x_wconf 86' lang='lat' dir='ltr'><strong>sub</strong></span> <span class='ocrx_word' id='word_1_135' title='bbox 708 2801 808 2866; x_wconf 86' lang='lat' dir='ltr'><strong>poena</strong></span> <span class='ocrx_word' id='word_1_136' title='bbox 830 2778 1076 2845; x_wconf 76' lang='lat' dir='ltr'><strong>mutilationis²</strong></span> <span class='ocrx_word' id='word_1_137' title='bbox 1097 2801 1216 2844; x_wconf 90' lang='lat' dir='ltr'><strong>manus</strong></span> <span class='ocrx_word' id='word_1_138' title='bbox 1250 2753 1506 2871; x_wconf 50' lang='lat' dir='ltr'><strong>dextracgffl‘l,</strong></span> 
     </span>
     <span class='ocr_line' id='line_1_20' title="bbox 326 2880 1488 2968; baseline 0.001 -23"><span class='ocrx_word' id='word_1_139' title='bbox 326 2883 380 2948; x_wconf 90' lang='lat' dir='ltr'><strong>vel</strong></span> <span class='ocrx_word' id='word_1_140' title='bbox 403 2881 504 2948; x_wconf 89' lang='lat' dir='ltr'><strong>etiam</strong></span> <span class='ocrx_word' id='word_1_141' title='bbox 527 2882 646 2968; x_wconf 89' lang='lat' dir='ltr'><strong>capitis</strong></span> <span class='ocrx_word' id='word_1_142' title='bbox 669 2883 697 2946; x_wconf 92' lang='lat' dir='ltr'><strong>si</strong></span> <span class='ocrx_word' id='word_1_143' title='bbox 731 2880 829 2966; x_wconf 89' lang='lat' dir='ltr'><strong>culpa</strong></span> <span class='ocrx_word' id='word_1_144' title='bbox 861 2886 1060 2966; x_wconf 86' lang='lat' dir='ltr'><strong>exposceret,</strong></span> <span class='ocrx_word' id='word_1_145' title='bbox 1084 2881 1273 2966; x_wconf 89' lang='lat' dir='ltr'><strong>reversique</strong></span> <span class='ocrx_word' id='word_1_146' title='bbox 1296 2886 1376 2946; x_wconf 90' lang='lat' dir='ltr'><strong>sunt</strong></span> <span class='ocrx_word' id='word_1_147' title='bbox 1390 2888 1488 2937; x_wconf 73' lang='lat' dir='ltr'><strong>lover·-</strong></span> 
     </span>
     <span class='ocr_line' id='line_1_21' title="bbox 326 2981 1378 3049; baseline -0.001 0"><span class='ocrx_word' id='word_1_148' title='bbox 326 2985 361 3049; x_wconf 90' lang='lat' dir='ltr'><strong>in</strong></span> <span class='ocrx_word' id='word_1_149' title='bbox 407 2990 531 3049; x_wconf 89' lang='lat' dir='ltr'><strong>terram</strong></span> <span class='ocrx_word' id='word_1_150' title='bbox 577 3005 671 3049; x_wconf 89' lang='lat' dir='ltr'><strong>suam</strong></span> <span class='ocrx_word' id='word_1_151' title='bbox 727 2982 812 3048; x_wconf 92' lang='lat' dir='ltr'><strong>nulli</strong></span> <span class='ocrx_word' id='word_1_152' title='bbox 858 2983 1043 3048; x_wconf 88' lang='lat' dir='ltr'><strong>molestiam</strong></span> <span class='ocrx_word' id='word_1_153' title='bbox 1089 2981 1272 3048; x_wconf 79' lang='lat' dir='ltr'><strong>inferentes</strong></span> <span class='ocrx_word' id='word_1_154' title='bbox 1317 2989 1378 3048; x_wconf 90' lang='lat' dir='ltr'><strong>aut</strong></span> 
     </span>
     <span class='ocr_line' id='line_1_22' title="bbox 327 3107 517 3173; baseline 0.011 -25"><span class='ocrx_word' id='word_1_155' title='bbox 327 3107 517 3173; x_wconf 82' lang='lat' dir='ltr'><strong>gravamen.</strong></span> 
     </span>
    </p>

    <p class='ocr_par' dir='ltr' id='par_1_10' title="bbox 327 3183 1546 4287">
     <span class='ocr_line' id='line_1_23' title="bbox 371 3183 1522 3272; baseline -0.003 -22"><span class='ocrx_word' id='word_1_156' title='bbox 371 3187 444 3250; x_wconf 83' lang='lat' dir='ltr'><strong>Rex</strong></span> <span class='ocrx_word' id='word_1_157' title='bbox 467 3187 580 3271; x_wconf 83' lang='lat' dir='ltr'><strong>itaque</strong></span> <span class='ocrx_word' id='word_1_158' title='bbox 603 3185 789 3250; x_wconf 87' lang='lat' dir='ltr'><strong>Edwardus</strong></span> <span class='ocrx_word' id='word_1_159' title='bbox 819 3206 886 3249; x_wconf 91' lang='lat' dir='ltr'><strong>non</strong></span> <span class='ocrx_word' id='word_1_160' title='bbox 917 3183 1081 3260; x_wconf 88' lang='lat' dir='ltr'><strong>obstante,</strong></span> <span class='ocrx_word' id='word_1_161' title='bbox 1104 3189 1144 3248; x_wconf 89' lang='lat' dir='ltr'><strong>ut</strong></span> <span class='ocrx_word' id='word_1_162' title='bbox 1167 3185 1293 3250; x_wconf 88' lang='lat' dir='ltr'><strong>dictum</strong></span> <span class='ocrx_word' id='word_1_163' title='bbox 1319 3190 1378 3262; x_wconf 89' lang='lat' dir='ltr'><strong>est,</strong></span> <span class='ocrx_word' id='word_1_164' title='bbox 1392 3207 1522 3272; x_wconf 73' lang='lat' dir='ltr'><strong>Thaking</strong></span> 
     </span>
     <span class='ocr_line' id='line_1_24' title="bbox 327 3274 1516 3392; baseline 0 -42"><span class='ocrx_word' id='word_1_165' title='bbox 327 3288 513 3352; x_wconf 84' lang='lat' dir='ltr'><strong>mutatione</strong></span> <span class='ocrx_word' id='word_1_166' title='bbox 529 3285 708 3352; x_wconf 91' lang='lat' dir='ltr'><strong>officiorum</strong></span> <span class='ocrx_word' id='word_1_167' title='bbox 732 3287 967 3372; x_wconf 82' lang='lat' dir='ltr'><strong>praedictorum</strong></span> <span class='ocrx_word' id='word_1_168' title='bbox 981 3286 1140 3350; x_wconf 91' lang='lat' dir='ltr'><strong>comitum</strong></span> <span class='ocrx_word' id='word_1_169' title='bbox 1156 3286 1242 3350; x_wconf 88' lang='lat' dir='ltr'><strong>circa</strong></span> <span class='ocrx_word' id='word_1_170' title='bbox 1257 3285 1378 3350; x_wconf 85' lang='lat' dir='ltr'><strong>festum</strong></span> <span class='ocrx_word' id='word_1_171' title='bbox 1392 3274 1516 3392; x_wconf 46' lang='lat' dir='ltr'><strong>ffiffoe</strong></span> 
     </span>
     <span class='ocr_line' id='line_1_25' title="bbox 328 3379 1525 3474; baseline 0 -22"><span class='ocrx_word' id='word_1_172' title='bbox 328 3389 416 3453; x_wconf 86' lang='lat' dir='ltr'><strong>beati</strong></span> <span class='ocrx_word' id='word_1_173' title='bbox 463 3387 698 3453; x_wconf 88' lang='lat' dir='ltr'><strong>Bartholomaei</strong></span> <span class='ocrx_word' id='word_1_174' title='bbox 738 3386 890 3474; x_wconf 78' lang='lat' dir='ltr'><strong>apostoli,</strong></span> <span class='ocrx_word' id='word_1_175' title='bbox 929 3408 996 3450; x_wconf 93' lang='lat' dir='ltr'><strong>non</strong></span> <span class='ocrx_word' id='word_1_176' title='bbox 1040 3387 1190 3451; x_wconf 92' lang='lat' dir='ltr'><strong>animum</strong></span> <span class='ocrx_word' id='word_1_177' title='bbox 1235 3393 1380 3465; x_wconf 88' lang='lat' dir='ltr'><strong>mutans,</strong></span> <span class='ocrx_word' id='word_1_178' title='bbox 1519 3379 1525 3390; x_wconf 75' lang='grc'><strong>’</strong></span> 
     </span>
     <span class='ocr_line' id='line_1_26' title="bbox 328 3487 1381 3576; baseline -0.001 -21"><span class='ocrx_word' id='word_1_179' title='bbox 328 3489 559 3555; x_wconf 86' lang='lat' dir='ltr'><strong>transfretavit</strong></span> <span class='ocrx_word' id='word_1_180' title='bbox 574 3490 609 3552; x_wconf 92' lang='lat' dir='ltr'><strong>in</strong></span> <span class='ocrx_word' id='word_1_181' title='bbox 621 3487 634 3528; x_wconf 83' lang='lat'>³</span> <span class='ocrx_word' id='word_1_182' title='bbox 648 3489 840 3554; x_wconf 86' lang='lat' dir='ltr'><strong>Flandriam</strong></span> <span class='ocrx_word' id='word_1_183' title='bbox 862 3510 939 3553; x_wconf 91' lang='lat' dir='ltr'><strong>cum</strong></span> <span class='ocrx_word' id='word_1_184' title='bbox 961 3489 1052 3552; x_wconf 88' lang='lat' dir='ltr'><strong>mille</strong></span> <span class='ocrx_word' id='word_1_185' title='bbox 1067 3489 1259 3576; x_wconf 83' lang='lat' dir='ltr'><strong>quingentis</strong></span> <span class='ocrx_word' id='word_1_186' title='bbox 1273 3512 1381 3554; x_wconf 88' lang='lat' dir='ltr'><strong>arma·</strong></span> 
     </span>
     <span class='ocr_line' id='line_1_27' title="bbox 329 3590 1382 3676; baseline 0.001 -20"><span class='ocrx_word' id='word_1_187' title='bbox 329 3592 373 3656; x_wconf 92' lang='lat' dir='ltr'><strong>tis</strong></span> <span class='ocrx_word' id='word_1_188' title='bbox 405 3599 439 3656; x_wconf 93' lang='lat' dir='ltr'><strong>et</strong></span> <span class='ocrx_word' id='word_1_189' title='bbox 471 3595 499 3658; x_wconf 90' lang='lat'><strong>1.</strong></span> <span class='ocrx_word' id='word_1_190' title='bbox 522 3591 612 3656; x_wconf 89' lang='lat' dir='ltr'><strong>mille</strong></span> <span class='ocrx_word' id='word_1_191' title='bbox 635 3591 785 3676; x_wconf 90' lang='lat' dir='ltr'><strong>peditum</strong></span> <span class='ocrx_word' id='word_1_192' title='bbox 818 3590 1005 3666; x_wconf 88' lang='lat' dir='ltr'><strong>electorum,</strong></span> <span class='ocrx_word' id='word_1_193' title='bbox 1030 3590 1215 3675; x_wconf 89' lang='lat' dir='ltr'><strong>dequibus</strong></span> <span class='ocrx_word' id='word_1_194' title='bbox 1244 3591 1382 3657; x_wconf 73' lang='lat' dir='ltr'><strong>fuerumt</strong></span> 
     </span>
     <span class='ocr_line' id='line_1_28' title="bbox 329 3691 1382 3778; baseline 0.002 -22"><span class='ocrx_word' id='word_1_195' title='bbox 329 3693 511 3758; x_wconf 86' lang='lat' dir='ltr'><strong>Wallenses</strong></span> <span class='ocrx_word' id='word_1_196' title='bbox 534 3714 614 3756; x_wconf 84' lang='lat' dir='ltr'>xxx.</span> <span class='ocrx_word' id='word_1_197' title='bbox 631 3692 731 3756; x_wconf 89' lang='lat' dir='ltr'><strong>mille.</strong></span> <span class='ocrx_word' id='word_1_198' title='bbox 777 3691 966 3776; x_wconf 80' lang='lat' dir='ltr'><strong>Statimque</strong></span> <span class='ocrx_word' id='word_1_199' title='bbox 988 3712 1063 3755; x_wconf 91' lang='lat' dir='ltr'><strong>cum</strong></span> <span class='ocrx_word' id='word_1_200' title='bbox 1086 3693 1300 3778; x_wconf 90' lang='lat' dir='ltr'><strong>applicuisset</strong></span> <span class='ocrx_word' id='word_1_201' title='bbox 1322 3715 1382 3758; x_wconf 87' lang='lat' dir='ltr'><strong>rex</strong></span> 
     </span>
     <span class='ocr_line' id='line_1_29' title="bbox 330 3796 1381 3884; baseline 0.002 -24"><span class='ocrx_word' id='word_1_202' title='bbox 330 3797 364 3860; x_wconf 93' lang='lat' dir='ltr'><strong>in</strong></span> <span class='ocrx_word' id='word_1_203' title='bbox 402 3802 501 3883; x_wconf 88' lang='lat' dir='ltr'><strong>portu</strong></span> <span class='ocrx_word' id='word_1_204' title='bbox 541 3797 582 3860; x_wconf 90' lang='lat' dir='ltr'><strong>de</strong></span> <span class='ocrx_word' id='word_1_205' title='bbox 620 3796 745 3880; x_wconf 86' lang='lat' dir='ltr'><strong>vayna</strong></span> <span class='ocrx_word' id='word_1_206' title='bbox 777 3817 900 3880; x_wconf 91' lang='lat' dir='ltr'><strong>suoque</strong></span> <span class='ocrx_word' id='word_1_207' title='bbox 947 3817 982 3860; x_wconf 89' lang='lat' dir='ltr'><strong>se</strong></span> <span class='ocrx_word' id='word_1_208' title='bbox 1020 3797 1191 3882; x_wconf 89' lang='lat' dir='ltr'><strong>recipisset</strong></span> <span class='ocrx_word' id='word_1_209' title='bbox 1227 3797 1381 3884; x_wconf 92' lang='lat' dir='ltr'><strong>hospitio,</strong></span> 
     </span>
     <span class='ocr_line' id='line_1_30' title="bbox 329 3896 1535 3995; baseline 0.005 -34"><span class='ocrx_word' id='word_1_210' title='bbox 329 3899 434 3963; x_wconf 89' lang='lat' dir='ltr'><strong>nostri</strong></span> <span class='ocrx_word' id='word_1_211' title='bbox 458 3897 629 3962; x_wconf 88' lang='lat' dir='ltr'><strong>marinarii</strong></span> <span class='ocrx_word' id='word_1_212' title='bbox 652 3897 693 3962; x_wconf 89' lang='lat' dir='ltr'><strong>de</strong></span> <span class='ocrx_word' id='word_1_213' title='bbox 716 3896 879 3982; x_wconf 87' lang='lat' dir='ltr'><strong>portubus</strong></span> <span class='ocrx_word' id='word_1_214' title='bbox 906 3897 1130 3963; x_wconf 88' lang='lat' dir='ltr'><strong>inveteratum</strong></span> <span class='ocrx_word' id='word_1_215' title='bbox 1161 3899 1244 3963; x_wconf 88' lang='lat' dir='ltr'><strong>illud</strong></span> <span class='ocrx_word' id='word_1_216' title='bbox 1267 3901 1380 3963; x_wconf 92' lang='lat' dir='ltr'><strong>odium</strong></span> <span class='ocrx_word' id='word_1_217' title='bbox 1394 3917 1535 3995; x_wconf 72' lang='lat' dir='ltr'><strong>oluuosti-</strong></span> 
     </span>
     <span class='ocr_line' id='line_1_31' title="bbox 330 3986 1527 4099; baseline 0.001 -35"><span class='ocrx_word' id='word_1_218' title='bbox 330 4001 418 4085; x_wconf 94' lang='lat' dir='ltr'><strong>quod</strong></span> <span class='ocrx_word' id='word_1_219' title='bbox 456 3999 544 4064; x_wconf 91' lang='lat' dir='ltr'><strong>inter</strong></span> <span class='ocrx_word' id='word_1_220' title='bbox 581 4000 669 4084; x_wconf 90' lang='lat' dir='ltr'><strong>ipsos</strong></span> <span class='ocrx_word' id='word_1_221' title='bbox 708 4003 743 4063; x_wconf 90' lang='lat' dir='ltr'><strong>et</strong></span> <span class='ocrx_word' id='word_1_222' title='bbox 772 3999 969 4063; x_wconf 88' lang='lat' dir='ltr'><strong>marinarios</strong></span> <span class='ocrx_word' id='word_1_223' title='bbox 1000 4000 1041 4063; x_wconf 89' lang='lat' dir='ltr'><strong>de</strong></span> <span class='ocrx_word' id='word_1_224' title='bbox 1070 3999 1300 4065; x_wconf 85' lang='lat' dir='ltr'><strong>Jarremewe⁴</strong></span> <span class='ocrx_word' id='word_1_225' title='bbox 1336 4001 1380 4065; x_wconf 92' lang='lat' dir='ltr'><strong>ab</strong></span> <span class='ocrx_word' id='word_1_226' title='bbox 1392 3986 1460 4098; x_wconf 46' lang='grc' dir='ltr'><strong>Ἐξ</strong></span> <span class='ocrx_word' id='word_1_227' title='bbox 1499 4049 1527 4099; x_wconf 84' lang='lat' dir='ltr'><strong>th</strong></span> 
     </span>
     <span class='ocr_line' id='line_1_32' title="bbox 329 4065 1546 4187; baseline -0.001 -21"><span class='ocrx_word' id='word_1_228' title='bbox 329 4102 467 4187; x_wconf 90' lang='lat' dir='ltr'><strong>antiquo</strong></span> <span class='ocrx_word' id='word_1_229' title='bbox 490 4102 670 4166; x_wconf 87' lang='lat' dir='ltr'><strong>duraverat</strong></span> <span class='ocrx_word' id='word_1_230' title='bbox 693 4100 736 4164; x_wconf 89' lang='lat' dir='ltr'><strong>ad</strong></span> <span class='ocrx_word' id='word_1_231' title='bbox 759 4100 951 4164; x_wconf 85' lang='lat' dir='ltr'><strong>memoriam</strong></span> <span class='ocrx_word' id='word_1_232' title='bbox 982 4101 1183 4178; x_wconf 87' lang='lat' dir='ltr'><strong>reducentes,</strong></span> <span class='ocrx_word' id='word_1_233' title='bbox 1207 4123 1285 4166; x_wconf 81' lang='lat' dir='ltr'><strong>mox</strong></span> <span class='ocrx_word' id='word_1_234' title='bbox 1307 4123 1381 4166; x_wconf 90' lang='lat' dir='ltr'><strong>cur·</strong></span> <span class='ocrx_word' id='word_1_235' title='bbox 1394 4065 1488 4166; x_wconf 70' lang='lat' dir='ltr'><strong>saucii</strong></span> <span class='ocrx_word' id='word_1_236' title='bbox 1528 4065 1546 4100; x_wconf 54' lang='grc' dir='ltr'>θ</span> 
     </span>
     <span class='ocr_line' id='line_1_33' title="bbox 330 4183 1517 4287; baseline 0 -19"><span class='ocrx_word' id='word_1_237' title='bbox 330 4213 440 4268; x_wconf 80' lang='lat' dir='ltr'><strong>rentes</strong></span> <span class='ocrx_word' id='word_1_238' title='bbox 484 4203 527 4267; x_wconf 91' lang='lat' dir='ltr'><strong>ad</strong></span> <span class='ocrx_word' id='word_1_239' title='bbox 572 4223 666 4266; x_wconf 88' lang='lat' dir='ltr'><strong>arma</strong></span> <span class='ocrx_word' id='word_1_240' title='bbox 710 4203 837 4287; x_wconf 86' lang='lat' dir='ltr'><strong>impetu</strong></span> <span class='ocrx_word' id='word_1_241' title='bbox 875 4201 997 4266; x_wconf 86' lang='lat' dir='ltr'><strong>furoris</strong></span> <span class='ocrx_word' id='word_1_242' title='bbox 1035 4203 1086 4266; x_wconf 91' lang='lat' dir='ltr'><strong>sui</strong></span> <span class='ocrx_word' id='word_1_243' title='bbox 1131 4203 1382 4268; x_wconf 86' lang='lat' dir='ltr'><strong>combusserunt</strong></span> <span class='ocrx_word' id='word_1_244' title='bbox 1394 4183 1517 4234; x_wconf 66' lang='lat' dir='ltr'><strong>renewec.</strong></span> 
     </span>
    </p>
   </div>
   <div class='ocr_carea' id='block_1_5' title="bbox 329 4303 1551 4438">
    <p class='ocr_par' dir='ltr' id='par_1_11' title="bbox 329 4303 1551 4438">
     <span class='ocr_line' id='line_1_34' title="bbox 329 4303 1513 4437; baseline -0.001 -68"><span class='ocrx_word' id='word_1_245' title='bbox 329 4305 503 4390; x_wconf 84' lang='lat' dir='ltr'><strong>plusquam</strong></span> <span class='ocrx_word' id='word_1_246' title='bbox 535 4325 589 4368; x_wconf 84' lang='lat' dir='ltr'><strong>xx.</strong></span> <span class='ocrx_word' id='word_1_247' title='bbox 624 4324 727 4368; x_wconf 87' lang='lat' dir='ltr'><strong>naves</strong></span> <span class='ocrx_word' id='word_1_248' title='bbox 762 4324 884 4380; x_wconf 90' lang='lat' dir='ltr'><strong>corum,</strong></span> <span class='ocrx_word' id='word_1_249' title='bbox 907 4303 1107 4388; x_wconf 87' lang='lat' dir='ltr'><strong>perimentes</strong></span> <span class='ocrx_word' id='word_1_250' title='bbox 1139 4304 1251 4390; x_wconf 87' lang='lat' dir='ltr'><strong>gladio</strong></span> <span class='ocrx_word' id='word_1_251' title='bbox 1285 4309 1473 4437; x_wconf 54' lang='lat' dir='ltr'><strong>quot-great</strong></span> <span class='ocrx_word' id='word_1_252' title='bbox 1508 4385 1513 4397; x_wconf 35' lang='grc' dir='ltr'>Ι</span> 
     </span>
     <span class='ocr_line' id='line_1_35' title="bbox 1412 4395 1551 4438; baseline -0.036 0"><span class='ocrx_word' id='word_1_253' title='bbox 1412 4395 1551 4438; x_wconf 78' lang='lat' dir='ltr'><strong>astrucuon</strong></span> 
     </span>
    </p>
   </div>
   <div class='ocr_carea' id='block_1_6' title="bbox 333 4529 1386 4677">
    <p class='ocr_par' dir='ltr' id='par_1_12' title="bbox 333 4529 1386 4677">
     <span class='ocr_line' id='line_1_36' title="bbox 365 4529 1384 4597; baseline 0.002 -17"><span class='ocrx_word' id='word_1_254' title='bbox 365 4531 463 4580; x_wconf 70' lang='lat' dir='ltr'><strong>¹llere</strong></span> <span class='ocrx_word' id='word_1_255' title='bbox 500 4547 533 4580; x_wconf 89' lang='lat' dir='ltr'><strong>on</strong></span> <span class='ocrx_word' id='word_1_256' title='bbox 568 4530 632 4580; x_wconf 85' lang='lat' dir='ltr'><strong>both</strong></span> <span class='ocrx_word' id='word_1_257' title='bbox 670 4530 782 4596; x_wconf 79' lang='lat' dir='ltr'><strong>margins</strong></span> <span class='ocrx_word' id='word_1_258' title='bbox 812 4529 833 4578; x_wconf 79' lang='lat' dir='ltr'><strong>ia</strong></span> <span class='ocrx_word' id='word_1_259' title='bbox 860 4533 862 4575; x_wconf 84' lang='lat' dir='ltr'><strong>l</strong></span> <span class='ocrx_word' id='word_1_260' title='bbox 916 4529 1011 4579; x_wconf 80' lang='lat' dir='ltr'><strong>³llere</strong></span> <span class='ocrx_word' id='word_1_261' title='bbox 1028 4545 1062 4579; x_wconf 89' lang='lat' dir='ltr'><strong>ou</strong></span> <span class='ocrx_word' id='word_1_262' title='bbox 1081 4530 1144 4580; x_wconf 81' lang='lat' dir='ltr'><strong>both</strong></span> <span class='ocrx_word' id='word_1_263' title='bbox 1161 4531 1273 4597; x_wconf 78' lang='lat' dir='ltr'><strong>margins</strong></span> <span class='ocrx_word' id='word_1_264' title='bbox 1289 4531 1384 4582; x_wconf 76' lang='lat' dir='ltr'><strong>isBer</strong></span> 
     </span>
     <span class='ocr_line' id='line_1_37' title="bbox 333 4607 1386 4677; baseline 0.001 -17"><span class='ocrx_word' id='word_1_265' title='bbox 333 4611 442 4660; x_wconf 79' lang='lat' dir='ltr'><strong>Comites</strong></span> <span class='ocrx_word' id='word_1_266' title='bbox 473 4609 608 4675; x_wconf 77' lang='lat' dir='ltr'><strong>prodibant</strong></span> <span class='ocrx_word' id='word_1_267' title='bbox 642 4607 833 4661; x_wconf 82' lang='lat' dir='ltr'><strong>Cancellarium</strong></span> <span class='ocrx_word' id='word_1_268' title='bbox 884 4609 978 4658; x_wconf 76' lang='lat' dir='ltr'><strong>transit</strong></span> <span class='ocrx_word' id='word_1_269' title='bbox 1007 4610 1033 4657; x_wconf 78' lang='lat' dir='ltr'><strong>in</strong></span> <span class='ocrx_word' id='word_1_270' title='bbox 1061 4607 1221 4668; x_wconf 80' lang='lat' dir='ltr'><strong>Flcadriam,</strong></span> <span class='ocrx_word' id='word_1_271' title='bbox 1248 4627 1329 4677; x_wconf 80' lang='lat' dir='ltr'><strong>supra</strong></span> <span class='ocrx_word' id='word_1_272' title='bbox 1357 4625 1386 4662; x_wconf 70' lang='lat' dir='ltr'><strong>u0</strong></span> 
     </span>
    </p>
   </div>
   <div class='ocr_carea' id='block_1_7' title="bbox 330 4584 1192 4828">
    <p class='ocr_par' dir='ltr' id='par_1_13' title="bbox 330 4584 1192 4828">
     <span class='ocr_line' id='line_1_38' title="bbox 860 4584 863 4611; baseline 0 0"><span class='ocrx_word' id='word_1_273' title='bbox 860 4584 863 4611; x_wconf 82' lang='lat' dir='ltr'><strong>l</strong></span> 
     </span>
     <span class='ocr_line' id='line_1_39' title="bbox 330 4618 1002 4752; baseline -0.004 -13"><span class='ocrx_word' id='word_1_274' title='bbox 330 4689 414 4740; x_wconf 80' lang='lat' dir='ltr'><strong>leuare</strong></span> <span class='ocrx_word' id='word_1_275' title='bbox 426 4696 519 4740; x_wconf 76' lang='lat' dir='ltr'><strong>larum.</strong></span> <span class='ocrx_word' id='word_1_276' title='bbox 860 4618 863 4723; x_wconf 77' lang='lat' dir='ltr'><strong>i</strong></span> <span class='ocrx_word' id='word_1_277' title='bbox 883 4686 1002 4752; x_wconf 77' lang='lat' dir='ltr'><strong>capitulo.</strong></span> 
     </span>
     <span class='ocr_line' id='line_1_40' title="bbox 363 4734 1192 4828; baseline 0 -12"><span class='ocrx_word' id='word_1_278' title='bbox 363 4767 374 4800; x_wconf 74' lang='lat'><em>²</em></span> <span class='ocrx_word' id='word_1_279' title='bbox 391 4767 572 4828; x_wconf 78' lang='lat' dir='ltr'><strong>nrrrlulaliouis‚</strong></span> <span class='ocrx_word' id='word_1_280' title='bbox 585 4769 640 4817; x_wconf 74' lang='lat' dir='ltr'><strong>ils.</strong></span> <span class='ocrx_word' id='word_1_281' title='bbox 860 4734 863 4822; x_wconf 80' lang='lat' dir='ltr'><strong>i</strong></span> <span class='ocrx_word' id='word_1_282' title='bbox 915 4767 925 4798; x_wconf 88' lang='lat'><strong>⁴</strong></span> <span class='ocrx_word' id='word_1_283' title='bbox 942 4765 1107 4828; x_wconf 74' lang='lat' dir='ltr'><strong>Jummcwe,</strong></span> <span class='ocrx_word' id='word_1_284' title='bbox 1118 4767 1192 4818; x_wconf 82' lang='lat' dir='ltr'>MSS.</span> 
     </span>
    </p>
   </div>
   <div class='ocr_carea' id='block_1_8' title="bbox 396 4880 1253 4935">
    <p class='ocr_par' dir='ltr' id='par_1_14' title="bbox 396 4880 1253 4935">
     <span class='ocr_line' id='line_1_41' title="bbox 396 4880 1253 4935; baseline -0.011 -1"><span class='ocrx_word' id='word_1_285' title='bbox 396 4899 412 4934; x_wconf 90' lang='grc' dir='ltr'><strong>ο</strong></span> <span class='ocrx_word' id='word_1_286' title='bbox 447 4887 537 4935; x_wconf 81' lang='grc'><strong>51971.</strong></span> <span class='ocrx_word' id='word_1_287' title='bbox 1183 4881 1206 4925; x_wconf 78' lang='lat' dir='ltr'>A</span> <span class='ocrx_word' id='word_1_288' title='bbox 1230 4880 1253 4925; x_wconf 77' lang='lat' dir='ltr'>A</span> 
     </span>
    </p>
   </div>
   <div class='ocr_carea' id='block_1_9' title="bbox 0 0 1835 5780">
    <p class='ocr_par' dir='ltr' id='par_1_15' title="bbox 0 0 1835 5780">
     <span class='ocr_line' id='line_1_42' title="bbox 0 0 1835 5780; baseline 0 0"><span class='ocrx_word' id='word_1_289' title='bbox 0 0 1835 5780; x_wconf 95' lang='lat' dir='ltr'><strong> </strong></span> 
     </span>
    </p>
   </div>
  </div>
 </body>
</html>
