3625 5784
418 975 439 1040 4
775 978 923 1032 nnnnlcl
946 977 1131 1028 [momen

250 1193 369 1246 sooksso
418 1173 639 1262 capitulorum
654 1191 828 1238 numerum
844 1165 1038 1256 praesentis¹
1061 1163 1165 1230 libelli
1188 1161 1305 1228 seriem
1328 1163 1364 1225 et
1385 1153 1473 1224 ordi·

250 1259 399 1378 mg?
419 1299 494 1341 nem
510 1275 683 1341 literarum
707 1273 747 1338 de
770 1270 923 1338 vocabuli
946 1269 1010 1333 mei
1033 1264 1243 1354 expressione
1264 1266 1472 1348 sumpturum

251 1393 332 1444 ortus
420 1378 624 1444 observando
646 1395 798 1464 perorare
820 1371 944 1439 curavi.
991 1369 1138 1436 Tertiam
1171 1388 1249 1432 vero
1280 1371 1411 1451 partem
1440 1368 1475 1427 et

251 1459 365 1576 2¹22?
421 1489 573 1569 quartam
604 1485 738 1566 propter
769 1475 998 1564 prolixitatem
1029 1472 1188 1539 sermonis
1222 1475 1256 1535 et
1294 1471 1474 1534 eventuum

420 1581 687 1670 inexplicabilem
719 1599 913 1646 concursum
947 1581 982 1642 et
1012 1575 1089 1640 linis
1126 1573 1249 1658 incepti
1280 1570 1388 1656 operis
1424 1567 1476 1632 in·

422 1683 657 1772 expectabilem
687 1681 848 1746 visionem
879 1677 1004 1764 absque
1033 1675 1095 1742 tali
1117 1673 1338 1761 capitulorum
1360 1669 1476 1736 ordine

421 1783 675 1853 transcurrendo
690 1787 849 1848 annotare
871 1779 1042 1848 lacessitus
1064 1772 1313 1863 praeoccupavi.²
1357 1771 1477 1857 Sisque

423 1895 533 1955 totum
555 1887 698 1952 laborem
721 1883 893 1971 praesentis
916 1881 1023 1967 operis
1045 1881 1081 1944 in
1104 1879 1249 1964 quinqua
1272 1878 1384 1961 partes
1406 1874 1477 1939 sive

424 1991 550 2058 libellos
573 1989 746 2055 distinctos
768 1983 964 2074 protelando
985 1982 1112 2048 orditus
1135 2001 1216 2045 sum.

856 2451 967 2537 [oar.
992 2447 1056 2534 ιν

259 2643 403 2697 orm.
428 2615 659 2773 ⁴Historiae
683 2617 822 2682 trudunt
851 2616 886 2680 in
917 2615 1052 2681 abbatia
1075 2613 1271 2700 Leycestrioe
1293 2610 1382 2697 quod
1405 2613 1481 2696 post

259 2711 403 2828 ffi¹l⁰¹¹tgs
560 2717 786 2806 expulsionem
810 2717 962 2784 Edewini
976 2716 1037 2780 filii
1055 2714 1223 2782 Edmundi
1248 2713 1334 2800 regis
1349 2710 1480 2796 Angliae

261 2795 350 2896 sonwdf'
389 2791 403 2827 e
428 2822 516 2906 quod
538 2821 729 2888 monarchia
751 2822 844 2909 regni
871 2821 1005 2887 vaeavit
1036 2841 1096 2907 per
1125 2838 1248 2883 annum
1273 2814 1478 2901 etamplius.

260 2912 415 3112 usp
428 2921 841 3115 inlusum
864 2924 984 3092 arr
999 2924 1481 3108 numus:

261 3071 404 3179 drfflbg
428 3149 529 3214 regno
551 3135 586 3194 et
608 3130 751 3214 turpiter
773 3127 904 3213 ejectus.
952 3125 997 3190 Et
1018 3126 1095 3191 inde
1118 3123 1312 3211 procedente
1334 3128 1482 3209 tempore

261 3209 356 3260 ’Μ’
428 3229 554 3295 fiebant
576 3230 754 3297 homicidia
777 3235 811 3296 et
832 3229 954 3296 scelera
975 3228 1092 3306 multa,
1116 3233 1218 3314 atque
1239 3226 1327 3293 mala
1348 3225 1483 3291 infinita

429 3337 611 3399 evenerunt
634 3333 669 3396 in
701 3332 822 3418 populo
845 3353 903 3418 pro
935 3331 1066 3398 defectu
1100 3329 1356 3418 gubematiouis,
1379 3330 1482 3395 donee

430 3433 535 3500 sancti
559 3433 623 3498 viri
646 3433 686 3498 de
709 3433 795 3500 clero
818 3439 852 3498 ct
875 3433 916 3499 de
938 3433 1060 3520 populo
1082 3433 1245 3498 miserunt
1266 3454 1301 3498 se
1323 3433 1360 3497 in
1381 3430 1482 3497 affiic-

430 3533 576 3602 tionibus
599 3539 634 3599 et
655 3533 726 3599 sine
750 3533 991 3600 intermissione
1013 3540 1153 3622 egerunt
1175 3533 1408 3622 poenitentiam
1429 3533 1482 3596 die

431 3656 470 3701 ac
483 3639 579 3702 noete
595 3641 727 3700 orantes
750 3635 850 3700 deum
874 3640 914 3701 ut
936 3657 990 3702 eos
1013 3635 1189 3703 exaudiret
1208 3641 1243 3702 et
1265 3637 1301 3700 in
1319 3640 1416 3700 tanta
1429 3655 1481 3700 oa-

432 3735 606 3802 lamitete⁵
621 3736 874 3804 misericorditer
888 3740 936 3804 eis
951 3738 1153 3816 subveniret,
1169 3739 1295 3804 donans
1310 3738 1356 3803 eis
1372 3757 1482 3824 regem

432 3839 533 3904 talem
557 3839 614 3924 qui
638 3861 775 3927 regnum
799 3841 929 3926 Angliae
953 3843 1000 3907 sic
1015 3841 1217 3928 gubernaret
1242 3841 1330 3928 quod
1352 3840 1483 3906 eederet

433 3941 476 4006 ad
490 3940 646 4006 honorem
663 3943 716 4007 dei
740 3947 774 4008 et
797 3943 1003 4009 commodum
1027 3945 1129 4030 regni.
1175 3943 1219 4008 Et
1242 3965 1354 4009 eorum
1371 3963 1483 4030 preces

433 4064 475 4108 ex
498 4042 567 4108 olto
590 4043 672 4108 deus
703 4043 864 4131 aspiciens
894 4045 1085 4112 nocturnali
1115 4045 1248 4111 silentio
1270 4065 1338 4112 vox
1360 4045 1482 4112 divini-

264 4138 402 4274 fflgssf
432 4151 488 4211 tus
520 4145 670 4210 insonuit
701 4151 741 4211 ut
768 4145 938 4234 Edgerum
972 4147 1082 4214 edhuo
1109 4147 1268 4234 juvenem
1290 4153 1484 4216 coronarent

469 4395 666 4462 ¹proeredentis,
676 4395 733 4446 MS.
1020 4397 1200 4459 ‘calamitate
1218 4413 1248 4450 se
1271 4397 1334 4460 Mn,
1351 4401 1397 4450 but
1419 4398 1446 4449 ln
1469 4413 1485 4450 a

469 4475 479 4508 ²
494 4475 666 4541 preocupavi,
678 4476 718 4526 Α..
987 4479 1050 4528 later
1067 4479 1143 4530 band.
1180 4478 1257 4530 Some
1273 4479 1343 4530 word
1358 4479 1404 4530 lias
1420 4481 1485 4531 been

470 4553 612 4620 'Chapter
623 4559 668 4606 not
684 4555 789 4606 marked
801 4555 828 4606 in
840 4555 896 4606 MS.
909 4571 938 4606 er
987 4556 1239 4619 writteninA.,bnt
1254 4559 1351 4609 πνοὰ.
1384 4557 1408 4608 lt
1424 4571 1485 4622 may

437 4635 460 4684 Α
984 4635 1293 4688 mvebeonmmiran.

464 4671 556 4765 l'l'lris
575 4713 598 4764 is
615 4713 659 4764 tlre
678 4715 733 4766 first
749 4715 824 4766 letter
844 4715 872 4766 oi
891 4717 936 4766 the

432 4791 576 4860 compiler'r
586 4805 669 4842 name.
