3625 5784
405 866 472 933 442
763 881 910 933 ammei
934 880 1117 933 memor

402 1076 539 1135 meillour
560 1094 680 1137 monere
702 1094 760 1151 que
782 1079 831 1151 ley
851 1083 883 1135 et
905 1083 1035 1135 oostome
1058 1076 1199 1137 donnent.
1245 1079 1270 1135 ll
1294 1078 1358 1135 feoe
1393 1097 1460 1152 pro·

402 1168 545 1224 testooion
576 1186 614 1224 en
645 1186 705 1224 non
736 1168 773 1225 de
794 1186 869 1224 esur
892 1168 951 1241 qils
973 1186 1011 1224 ne
1034 1168 1158 1224 roillent
1194 1168 1343 1225 desormes
1377 1174 1457 1225 eetre

402 1274 440 1312 en
462 1263 562 1314 vostre
584 1258 684 1325 fealte,
707 1276 746 1314 ne
769 1276 807 1314 en
829 1263 928 1315 vostre
952 1258 1065 1331 lynnoe,
1091 1276 1128 1313 ne
1151 1258 1300 1331 oleyment
1323 1258 1360 1315 de
1383 1276 1458 1315 vous

402 1364 485 1402 eome
519 1348 555 1403 de
592 1364 646 1420 roy
675 1347 755 1404 riens
785 1347 872 1404 tenir.
929 1348 1007 1403 Ense
1039 1365 1113 1403 vous
1147 1348 1284 1419 tiegnent
1319 1348 1458 1405 deshorso

403 1437 524 1509 priveye
546 1454 671 1509 persone
694 1455 763 1494 sanz
787 1438 856 1493 nule
877 1455 998 1511 manere
1023 1436 1059 1492 de
1083 1438 1162 1493 reale
1187 1437 1311 1509 dignito.

451 1528 536 1596 (him
567 1553 627 1596 rex
650 1530 720 1596 haeo
750 1530 898 1635 audisset
929 1530 1073 1595 multum
1106 1530 1147 1595 de
1170 1530 1240 1595 suis
1273 1530 1458 1597 malefactis

404 1632 520 1710 doluit,
543 1634 675 1721 rugitus
697 1637 733 1697 et
754 1633 901 1697 lamenta
923 1632 1079 1697 emittens
1102 1652 1140 1697 eo
1163 1632 1251 1717 quod
1274 1654 1334 1718 per
1356 1633 1458 1698 falsos

404 1738 439 1799 et
460 1735 659 1821 proditiosos
682 1735 873 1799 consiliaros
895 1735 943 1800 sie
966 1735 1057 1798 omni
1079 1755 1140 1799 suo
1162 1738 1311 1821 tempore
1337 1736 1458 1802 ductus

403 1835 522 1901 fuerat.
569 1837 796 1903 Veruntamen
830 1830 865 1901 in
888 1860 923 1903 se
946 1836 1081 1901 tandem
1104 1840 1180 1923 post
1202 1837 1325 1903 multos
1357 1838 1457 1923 ejule-

405 1938 483 2003 tus¹
514 1961 676 2016 reversus,
698 1940 798 2003 nimis
820 1939 1055 2028 gratulabatur
1088 1938 1176 2024 quod
1214 1938 1321 2004 filium
1359 1962 1456 2005 suum

230 2058 360 2136 mapered
404 2040 606 2106 Edwenlum
629 2047 705 2129 post
727 2064 762 2105 se
785 2048 1003 2130 regnaturum
1026 2041 1211 2128 elegissent,
1234 2046 1269 2107 et
1293 2043 1323 2107 ei
1347 2064 1455 2108 assen-

230 2123 390 2240 ΜΨ
403 2165 477 2209 sum
499 2165 596 2209 suum
631 2144 852 2229 inquantum
875 2142 988 2230 potuit
1021 2142 1186 2208 attribuit.
1233 2142 1314 2229 Ejus
1348 2166 1455 2210 mores

228 2258 375 2335 opinorsed
401 2251 436 2312 et
473 2251 567 2312 aetus
605 2266 706 2333 supra
753 2246 789 2309 in
827 2266 888 2310 suo
926 2244 1107 2333 primordio
1144 2266 1205 2331 per
1251 2244 1452 2313 Oistrensem

227 2322 289 2373 ω
399 2348 639 2415 deseribuntur.

444 2460 606 2516 Edwardus
640 2459 720 2515 filius
752 2458 889 2514 Edwardi
913 2463 979 2531 post
1014 2463 1207 2531 conquestum
1237 2458 1344 2515 tertius
1377 2460 1447 2516 odo-
1461 2455 1609 2521 cumenae,

399 2551 510 2607 lesoene
536 2568 585 2607 xv.
616 2549 736 2606 eiroiter
758 2566 903 2605 annorum
927 2546 1048 2603 virente
1071 2548 1167 2603 adhue
1190 2552 1273 2619 petre
1305 2566 1358 2604 suo
1390 2550 1445 2606 sub
1460 2523 1549 2625 lm·
1562 2531 1604 2579 ⁴⁴·

397 2639 543 2705 custodie,
565 2639 598 2695 in
620 2640 696 2696 festo
710 2636 929 2694 Purifioationie
951 2638 1047 2693 bestie
1069 2636 1172 2693 Maria
1195 2628 1374 2694 euronotus²
1397 2646 1444 2695 eet
1458 2615 1538 2731 {iffi
1552 2616 1607 2669 Vffi·

397 2730 429 2785 in
474 2747 578 2801 regem
611 2729 693 2803 opud
729 2727 1036 2784 westmonasterium.
1082 2726 1120 2781 In
1157 2724 1241 2798 cujus
1274 2728 1446 2799 primordiis
1508 2718 1516 2733 ’

396 2824 483 2891 grate
518 2820 704 2891 ungebantur
740 2816 879 2889 euspioia.
939 2818 1017 2873 Nem
1052 2821 1082 2871 et
1116 2820 1189 2872 tuno
1219 2820 1298 2873 terre
1334 2818 1446 2890 rooepit

395 2908 572 2975 ubertatem,
595 2928 646 2965 aer
669 2906 852 2980 temperiem,
877 2924 959 2963 mere
984 2906 1243 2979 tranquillitatem,
1267 2911 1298 2962 et
1322 2907 1446 2964 eoolesis

396 2996 570 3055 libertatem.

440 3191 589 3279 Explicit
604 3190 742 3256 historia
758 3189 1004 3276 Ieyoestrensis
1018 3210 1106 3255 anno
1121 3190 1239 3278 gratiae
1254 3206 1448 3257 mcccxxvl.

397 3292 498 3360 Nune
535 3292 715 3361 (diotrensis
752 3292 895 3378 imponit
925 3292 1025 3357 finem
1060 3291 1222 3358 ehronioae
1252 3314 1329 3359 suae.
1382 3292 1449 3359 Sed

224 3422 341 3473 mm,
395 3400 511 3483 postea
542 3396 693 3482 quiedam
716 3394 838 3480 edjeoit
871 3395 912 3472 ei,
935 3395 1090 3461 videlieet
1123 3395 1164 3460 de
1187 3396 1288 3460 morti
1317 3396 1448 3481 antiqui

223 3486 383 3619 &iffi-⁸⁸⁰
397 3498 556 3563 Edwardi
579 3498 667 3586 regis
688 3518 763 3562 oum
787 3496 986 3583 quibusdam
1009 3497 1084 3562 aliis
1107 3496 1282 3563 eventibus
1308 3498 1343 3561 in
1367 3502 1446 3563 tem-

327 3591 333 3603 ’
395 3622 474 3685 pore
497 3600 584 3687 regis
615 3598 772 3663 Edwanli
794 3598 897 3676 te1tii,
920 3603 1021 3685 prout
1051 3598 1141 3663 infru
1166 3598 1295 3686 patebit
1329 3600 1364 3664 in
1387 3620 1447 3665 suo

394 3703 465 3769 loeo
487 3723 547 3789 per
569 3701 709 3790 singule.

423 3949 541 4001 lBefore
560 3964 675 4000 mersus
691 3946 718 3997 in
738 3947 801 3998 both
817 3948 891 3997 Mss.
976 3946 1119 3997 'Heroon
1138 3946 1201 3995 both
1223 3944 1336 4010 margine
1354 3944 1375 3996 is
1387 3945 1446 3996 Ed-

389 4030 416 4079 ἐκ
427 4046 454 4079 se
465 4028 488 4079 is
498 4029 617 4094 repented
633 4029 669 4093 by
681 4025 791 4078 misteke
802 4025 832 4078 of
848 4026 892 4077 the
943 4024 1046 4076 wardon
1056 4026 1146 4076 tertius
1157 4028 1300 4075 coronatae.

349 4140 353 4148 ·
389 4108 492 4161 sontes.
