3625 5784
423 885 464 945 26
775 899 922 948 uassrcr
947 898 1129 948 surosros

421 1082 485 1146 sibi
509 1088 543 1148 ab
566 1085 723 1170 praecepit
738 1085 788 1150 illi
803 1086 847 1152 ab
863 1086 971 1172 equol
987 1086 1183 1153 descendere
1206 1093 1241 1152 et
1263 1086 1480 1173 procumbens

251 1187 324 1240 Heia
338 1198 384 1242 not
420 1207 454 1250 se
477 1186 505 1250 ei
531 1187 728 1253 submittere
744 1187 880 1274 ejusque
898 1187 997 1254 homo
1019 1187 1182 1254 devenire.
1231 1189 1276 1253 Et
1297 1188 1479 1275 palmarius

250 1258 394 1373 fflffi‘
419 1288 510 1354 inira
525 1311 559 1356 se
575 1290 687 1377 inquit
708 1291 817 1378 ipsum
833 1290 959 1368 videns,
984 1300 1000 1327 “
1013 1290 1111 1356 Gerbo
1133 1292 1197 1356 iste
1219 1312 1288 1357 non
1303 1297 1355 1358 esi
1369 1292 1478 1370 homo,

249 1388 346 1438 numm
419 1397 439 1427 “
462 1392 563 1458 immo
580 1395 694 1480 pocius
709 1394 846 1480 spiritus
862 1393 986 1459 diaboli
1009 1393 1046 1457 in
1060 1392 1166 1481 effigie
1181 1394 1326 1460 hominis
1341 1393 1477 1460 latens.”

250 1456 337 1520 ψῃ
419 1493 464 1559 El
485 1497 637 1562 muniens
665 1497 780 1563 faciem
811 1501 985 1583 totumque
1015 1517 1132 1582 corpus
1158 1497 1328 1580 signaculo
1351 1502 1476 1564 sanctae

418 1597 522 1661 crucis
538 1595 688 1684 deoquc²
702 1621 737 1664 ss
753 1597 953 1664 comendans
971 1603 1069 1682 urget
1088 1597 1279 1684 sonipedem
1295 1599 1477 1665 calcaribus

418 1696 455 1760 in
489 1719 657 1765 occursum
692 1700 894 1766 Oolibrandi.
941 1698 1160 1766 Colibrandus
1190 1697 1361 1765 diffidebat
1391 1722 1475 1778 eum,

419 1799 517 1886 Gydo
532 1823 611 1868 vero
634 1803 797 1888 percussit
821 1800 1062 1868 Oolibrandnm
1077 1802 1118 1866 de
1133 1822 1202 1866 nna
1224 1822 1346 1888 magna
1359 1801 1477 1868 lancea

418 1923 476 1988 par
511 1904 654 1969 medium
687 1905 772 1971 scuti
804 1927 879 1971 cum
914 1910 1009 1970 banio
1039 1925 1136 1971 cursu
1159 1904 1247 1989 quod
1269 1903 1417 1970 lanceam
1438 1905 1475 1968 in

416 2004 523 2070 frusta
545 2007 715 2093 compulit,
738 2007 796 2072 sed
819 2005 1040 2073 Oolibrandus
1062 2005 1242 2070 immobilis
1264 2011 1393 2092 perstat
1414 2027 1475 2072 neo

414 2128 546 2192 quoquo
563 2109 660 2174 modo
676 2107 840 2196 caspiiai³
856 2110 915 2175 sed
938 2131 977 2175 eo
1001 2108 1163 2174 instinctu
1186 2129 1356 2174 recurrens
1379 2112 1475 2174 tanta

416 2209 600 2275 valitudine
616 2233 737 2297 equum
754 2210 904 2299 Gydonis
919 2210 1067 2276 feriendo
1090 2210 1237 2295 impetiit
1251 2210 1339 2294 quod
1353 2209 1474 2276 collum

414 2313 451 2376 in
468 2317 591 2378 terram
606 2314 757 2380 abscidit.
796 2313 893 2400 Gydo
905 2335 984 2378 vero
999 2312 1104 2378 occiso
1120 2312 1277 2398 sonipede
1291 2312 1335 2377 ad
1351 2316 1474 2378 borram

415 2435 449 2479 se
464 2416 634 2493 sentiens,4
650 2421 688 2481 ut
711 2416 805 2481 miles
827 2420 990 2480 strenuus.
1006 2414 1138 2500 elegans
1153 2420 1188 2479 ei
1201 2413 1323 2479 nobilis
1344 2435 1474 2479 sursum

415 2517 501 2593 salii,
526 2517 698 2584 brachium
725 2519 843 2596 elevat,
866 2516 970 2604 gladii
993 2517 1098 2583 ictum
1121 2515 1238 2603 dirigis
1260 2514 1375 2582 volens
1397 2538 1473 2581 aum

417 2638 517 2702 super
551 2620 679 2705 galeam
714 2620 820 2697 ferire,
843 2619 900 2684 sed
933 2624 1003 2684 tam
1037 2638 1177 2703 magnus
1209 2623 1282 2682 erat
1313 2617 1370 2683 illc
1402 2617 1473 2682 dia-

415 2721 541 2788 bolicus
564 2724 653 2808 qnod
674 2721 846 2788 brachium
878 2722 948 2808 cjus
980 2721 1023 2787 ad
1055 2725 1157 2806 capul
1190 2719 1261 2805 ejus
1292 2718 1472 2785 extendere

247 2825 389 2944 gplieludes
415 2845 483 2889 non
506 2824 622 2902 valuit,
645 2831 679 2891 et
699 2846 799 2911 super
821 2823 990 2909 scapulam
1012 2823 1179 2909 percussio
1199 2822 1336 2908 quisvis
1382 2822 1472 2888 coli-

246 2921 348 3010 bm'dp
415 2926 561 2991 brandus
595 2929 743 3014 porrexii
777 2925 913 3011 Gydoni
945 2925 1077 3011 alapam
1108 2945 1183 2989 cum
1210 2946 1278 2990 uno
1308 2925 1472 3011 gibbodo

246 3023 318 3088 bion,
415 3029 521 3096 calibs
553 3031 726 3116 quadrais,
756 3028 813 3094 sed
846 3028 944 3115 Gydo
976 3029 1093 3093 videns
1125 3033 1256 3094 tantum
1289 3028 1472 3115 pericnlum

416 3131 481 3196 sibi
504 3131 675 3196 imminere
699 3131 854 3218 opposuit
883 3136 1015 3197 sculum
1042 3130 1208 3215 impulsui,
1231 3135 1267 3195 et
1289 3129 1415 3195 salbans
1436 3151 1472 3196 se

415 3234 623 3300 transtuliia
645 3235 749 3300 latare
772 3241 932 3321 tanquam
954 3232 1070 3319 fulgur
1092 3235 1128 3299 in
1151 3232 1298 3310 bonimio,
1323 3238 1358 3298 et
1381 3232 1469 3300 coli-

246 3353 297 3402 sno
308 3361 364 3402 eun
415 3334 562 3400 brandus
578 3341 675 3402 tanta
690 3337 887 3401 fortitudine
903 3334 1086 3400 cantilum⁵
1109 3335 1195 3401 sculi
1218 3335 1367 3420 impetiit
1380 3335 1469 3420 quod
1499 3348 1503 3354 “

245 3417 361 3536 gfffl'
415 3436 535 3522 gibbus
558 3437 599 3502 de
626 3459 727 3502 manu
758 3437 871 3502 labens
896 3436 932 3500 in
956 3440 1078 3501 terram
1100 3436 1262 3523 prosiluit.
1309 3436 1405 3521 Gydo
1428 3438 1470 3501 de

246 3551 323 3600 hans.
415 3537 681 3624 soniiu⁰lapsus
697 3539 840 3604 mulium
857 3538 974 3603 excitis
989 3537 1161 3604 attonitus.
1208 3537 1275 3603 Sed
1290 3559 1364 3604 cum
1381 3537 1468 3604 Goli-

415 3639 559 3705 brandus
598 3661 732 3705 manum
771 3641 967 3706 extenderet
1002 3639 1140 3724 gibbum
1178 3645 1333 3726 repetere,
1371 3639 1469 3726 Gydo

416 3762 491 3806 eum
523 3741 729 3828 praeveniens
752 3747 786 3808 et
815 3742 927 3829 gladio
960 3740 1082 3806 feriens
1114 3762 1250 3807 manum
1282 3763 1303 3807 a
1334 3741 1468 3808 brachio

417 3843 528 3909 elisam
556 3845 592 3908 in
614 3849 737 3910 terram
765 3844 894 3930 prolabi
916 3842 1033 3909 divina
1055 3843 1231 3910 clementia
1253 3843 1467 3930 propulsavit

415 3945 511 4025 Quod
535 3945 624 4010 Dani
647 3944 800 4011 videntes
830 3944 975 4011 multum
1001 3966 1043 4010 ex
1073 3945 1137 4014 hoc
1166 3946 1407 4012 contabuerunt
1432 3950 1468 4013 et

140 4118 147 4132 ι
245 4047 374 4100 Marmor
412 4047 490 4112 deos
505 4069 580 4112 suos
603 4048 639 4111 in
655 4046 848 4113 Colibrandi
871 4047 1076 4133 adjutorium
1099 4069 1175 4114 cum
1190 4047 1318 4132 ejulatu
1343 4068 1464 4134 magno

244 4113 390 4166 ‘mm'
412 4148 564 4214 invocare
580 4155 759 4235 coeperunt.
806 4146 1031 4214 Adelstanus⁷
1056 4171 1136 4216 vero
1155 4170 1217 4215 rex
1239 4169 1314 4215 cum
1337 4148 1466 4216 caeteris

415 4250 560 4338 Anglicis
599 4250 769 4318 Christum
809 4250 924 4317 Jesum
968 4249 1250 4338 glorificaverunt,
1287 4273 1480 4338 omnesque(

445 4505 452 4534 ¹
471 4519 565 4566 equum,
577 4503 627 4562 A.;
644 4501 678 4552 ab
696 4517 757 4566 equo
775 4503 837 4566 bys
857 4514 913 4550 cor·
996 4499 1006 4530 ⁵
1022 4499 1152 4562 cautilun,
1174 4501 1223 4563 A.;
1256 4501 1385 4565 arcum,
1406 4503 1464 4556 MS.

409 4583 505 4634 rection
516 4582 543 4632 in
555 4598 571 4632 a
581 4582 644 4632 later
655 4581 725 4631 hand
736 4579 763 4628 in
775 4579 833 4631 MS.
963 4580 1123 4645 apparently.

443 4661 524 4727 ²que,
537 4669 582 4713 not
593 4661 619 4710 in
630 4661 688 4712 MS.
995 4657 1113 4719 “sonita
1135 4657 1193 4710 MS.
1226 4660 1260 4710 In
1279 4661 1314 4714 Δ.
1334 4661 1378 4713 the
1395 4664 1465 4714 word

443 4741 453 4772 ³
470 4741 586 4805 sospitat,
595 4739 653 4792 MS.
665 4741 716 4789 and
728 4740 761 4790 Α.
962 4735 984 4786 is
997 4744 1042 4787 not
1053 4736 1156 4804 legrble.

442 4821 452 4852 ⁴
470 4819 593 4881 senciens,
604 4817 660 4868 MS.
673 4819 723 4868 and
736 4819 769 4868 A.
996 4814 1007 4853 ⁷
1024 4815 1217 4882 aethelstanus,
1230 4819 1262 4870 A.
