3625 5784
613 852 883 903 mrcmmrnsm
905 852 1114 907 cnaomcos.
1341 841 1406 913 267

395 1043 519 1112 ¹Anno
540 1045 666 1111 domini
681 1062 850 1112 nccnxxr.
868 1046 951 1132 xiiij.
967 1045 1098 1113 kalend.
1116 1044 1269 1114 Octobris
1283 1053 1381 1125 ,tanta
1392 1045 1405 1085 2
1418 1048 1485 1101 ΑΒ·
1499 1052 1575 1103 1171·

298 1166 305 1170 ’
347 1148 416 1215 fuit
454 1148 544 1236 apud
595 1146 810 1215 cantuariam
855 1148 1032 1215 inundatio
1078 1148 1210 1235 pluviae,
1255 1151 1405 1229 tonitrui,

348 1250 490 1337 fulguris
516 1255 552 1315 et
582 1250 789 1336 tempestatis
812 1256 939 1336 quanta
962 1270 982 1316 a
1008 1251 1123 1315 diebus
1146 1252 1293 1338 antiquis
1315 1274 1401 1317 nun·

350 1372 450 1439 quam
488 1351 604 1417 audita
641 1351 696 1417 vel
734 1352 807 1416 visa
844 1351 956 1431 fuerit,
995 1352 1137 1419 durante
1179 1355 1329 1419 tonitruo
1369 1361 1404 1420 et

349 1453 554 1520 horribiliter
576 1454 670 1539 quasi
694 1476 736 1519 ex
758 1474 826 1518 una
841 1454 911 1520 ictu
934 1459 1071 1521 tonante
1095 1461 1166 1522 tota
1189 1456 1242 1521 die
1258 1461 1293 1522 et
1308 1462 1403 1522 nocte
1418 1458 1529 1525 Agreat

349 1558 532 1644 praedicta;
566 1560 601 1621 et
632 1561 728 1623 tanta
759 1557 936 1622 inundatio
968 1578 1063 1642 aqure
1098 1564 1211 1624 secuta
1242 1566 1292 1625 est
1315 1560 1404 1645 quod
1418 1534 1535 1644 “ctffissfft

350 1660 492 1736 arborea,
526 1658 651 1735 vineas,
674 1663 708 1723 et
739 1657 844 1743 hayas
867 1658 1045 1738 subvertit,
1069 1660 1118 1725 ita
1140 1661 1228 1746 quod
1251 1661 1403 1729 incedere
1416 1660 1491 1725 bury.

350 1783 418 1827 non
455 1764 589 1847 possent
626 1759 776 1825 homines
808 1782 869 1827 nee
903 1762 988 1845 eqni.
1051 1760 1097 1827 Et
1128 1762 1402 1848 periclitabantur

350 1864 450 1929 multi
484 1863 612 1949 impetu
638 1882 734 1947 aquae
770 1862 976 1929 decurrentis
1007 1884 1067 1948 per
1098 1863 1231 1949 plateas.
1289 1865 1335 1931 Et
1369 1867 1404 1931 in

351 1966 505 2032 domibus
538 1964 686 2031 civitatis
713 1970 831 2034 ,secuta
854 1969 905 2031 est
940 1963 1045 2031 fames
1076 1966 1222 2032 maxima
1255 1967 1291 2031 in
1330 1972 1404 2035 tota

350 2069 492 2155 regione.

350 2273 506 2340 successit
529 2271 708 2358 Gregorius
731 2271 884 2337 decimus.
931 2271 1056 2337 Eodem
1079 2293 1166 2337 anno
1188 2272 1272 2339 obiit
1288 2274 1405 2339 Petrus
1418 2259 1503 2391 ἓξὲξ
1516 2260 1545 2314 ⁰f

351 2377 393 2443 de
415 2376 502 2440 Brus
524 2375 596 2461 xiij.
618 2374 687 2440 kal.
711 2374 875 2441 Octobris.
1419 2393 1542 2445 clemens

396 2476 507 2543 ⁸Anno
523 2477 649 2542 domini
660 2491 853 2541 Mccnxxnr.
866 2475 971 2543 frater
980 2476 1144 2542 Robertus
1156 2477 1197 2541 de
1209 2476 1406 2564 Kyluarby⁴
1418 2482 1488 2535 ΔΙ).
1503 2485 1576 2537 12⁷³.

352 2580 416 2646 del⁵
439 2580 555 2645 ordine
589 2579 844 2666 praedicatorum
867 2579 903 2642 in
927 2578 1207 2667 archiepiscopum
1231 2579 1406 2646 Cantuari·
1420 2576 1517 2652 Robora

352 2705 463 2750 ensem
486 2688 614 2749 erectus
639 2688 690 2747 est
711 2704 771 2769 per
796 2682 967 2747 dominum
1000 2703 1131 2768 papam,
1163 2682 1220 2767 qui
1252 2682 1287 2746 in
1318 2642 1550 2757 annofflpgrby

352 2786 504 2872 sequenti
526 2789 664 2851 vocatus
688 2785 730 2848 ad
746 2784 880 2860 cunam,
903 2784 940 2847 in
962 2782 1171 2849 Cardinalem
1196 2784 1406 2849 Hostiensem
1419 2772 1577 2893 ἓξθὲξὲζξξῐ)

352 2886 554 2953 constitutus
588 2891 647 2962 est,
671 2889 705 2950 et
727 2886 882 2951 successit
905 2885 935 2949 ei
967 2885 1002 2949 in
1026 2884 1341 2971 archiepiscopatum
1365 2908 1407 2950 ex
1420 2907 1495 2972 bury.

353 2990 528 3058 collatione
566 3010 660 3076 papae
693 2986 797 3054 irater
830 2987 1001 3053 Johannes
1039 2987 1181 3053 Pecham
1213 2989 1254 3053 de
1293 2988 1407 3055 ordine

354 3094 531 3159 Minorum.
577 3090 702 3159 Eodem
717 3112 805 3157 anno
822 3091 985 3157 discordia
1001 3091 1116 3157 extitit
1130 3112 1251 3177 magna
1268 3092 1406 3158 Oxoniae

353 3196 443 3262 inter
480 3194 613 3260 clericos
651 3193 871 3279 Aquilonares
909 3197 944 3259 et
975 3192 1193 3279 Hybernicos,
1233 3198 1267 3259 et
1304 3194 1408 3280 aliqui

354 3296 590 3365 occidebantur
611 3295 805 3380 Hybernici.

185 3380 333 3501 ῗξῗῐὲῃξξῆ
399 3409 466 3464 Hoc
488 3425 567 3463 anno
589 3406 680 3461 etiam
719 3405 795 3461 obiit
822 3423 873 3461 rex
894 3402 1014 3477 Angliae
1037 3394 1209 3462 Henricus⁶
1232 3406 1279 3461 dic
1314 3408 1430 3462 sancti·

187 3538 266 3605 ffigd·
279 3539 332 3591 yffi·
358 3497 507 3554 Edmundi
530 3481 713 3569 pontificis;⁷
747 3500 778 3551 et
795 3494 886 3566 juste,
915 3500 949 3551 ut
980 3496 1119 3563 creditur,
1154 3497 1247 3551 vitam
1270 3512 1353 3551 suam
1376 3497 1407 3551 in

185 3610 245 3657 25⁸,
356 3587 420 3661 ejus
442 3588 516 3643 festo
538 3584 710 3642 terminavit
731 3602 818 3657 quem
839 3583 950 3657 injuste
973 3583 1043 3641 dum
1065 3574 1201 3641 riveret⁸
1222 3586 1347 3643 vexavit.

185 3696 295 3775 leyces-
402 3680 566 3748 Chronica
588 3678 873 3745 westmonasterii
895 3679 1007 3745 verius
1038 3702 1073 3745 se
1107 3679 1209 3745 habet
1231 3680 1286 3747 sia
1344 3672 1555 3790 Ηὶοξῖῡῑῑῡθθ1

186 3770 287 3818 mm·
355 3784 521 3851 Henricus
536 3786 612 3869 post
633 3781 690 3867 lvj.
707 3803 812 3847 annos
834 3803 855 3847 a
876 3781 985 3869 prima
1008 3783 1219 3848 coronatione
1241 3802 1309 3861 sua,
1333 3804 1408 3849 cum
1422 3756 1511 3871 Ηῗξη

358 3888 404 3954 sit
425 3887 476 3953 bis
499 3889 675 3953 coronatus
697 3884 785 3950 sicut
806 3887 910 3971 patet,
932 3883 974 3949 ab
1005 3885 1068 3951 hac
1089 3884 1162 3951 luce
1185 3886 1351 3971 migravit,
1375 3872 1543 3955 etfromthe

388 4114 397 4147 ¹
414 4114 471 4165 Tha
482 4114 509 4164 A
527 4112 548 4163 is
570 4126 587 4163 a
606 4112 726 4163 coloured
743 4112 819 4162 letter
829 4110 856 4161 in
907 4110 1037 4161 Beterras
1045 4110 1189 4177 Kylwcrdy
1200 4111 1231 4161 de
1242 4109 1331 4161 ordine
1339 4128 1409 4177 proe·

353 4195 416 4246 both
425 4193 503 4245 MSS.
906 4190 1047 4241 dicatorum
1062 4190 1090 4239 ira
1102 4189 1317 4255 archiepiscopum
1339 4191 1409 4241 Can-

387 4272 398 4306 ²
414 4274 484 4325 Here
495 4288 529 4323 on
539 4272 601 4323 both
621 4268 769 4335 marginsis
785 4268 856 4319 Tem-
907 4272 1060 4319 iwrieuacm
1071 4273 1223 4319 mortuaest.

350 4358 447 4421 pedus.
939 4347 950 4381 ⁵
966 4349 1034 4398 Here
1047 4362 1080 4398 on
1089 4348 1152 4398 both
1160 4344 1271 4414 margins
1283 4344 1305 4397 is
1317 4346 1408 4397 Obitus

387 4431 507 4481 ³TheA
524 4430 547 4481 is
566 4444 582 4481 a
601 4428 720 4481 coloured
739 4430 813 4479 latter
828 4426 856 4478 in
905 4426 1019 4477 Hecriri
1029 4424 1090 4477 111.

352 4511 417 4562 both
427 4511 502 4561 MSS.
939 4503 1180 4564 ⁷Poneim'uceuais,
1192 4502 1270 4572 Higd.

389 4588 557 4656 ⁴Kylnorln',
568 4587 626 4640 MS.
939 4582 1003 4635 Ἀ.
1026 4582 1101 4634 omits
1129 4584 1233 4643 viveret,
1252 4585 1300 4633 but
1323 4582 1344 4637 it
1363 4585 1409 4637 has

387 4670 398 4705 ⁵
415 4668 484 4722 Here
493 4683 528 4720 on
537 4667 601 4720 both
608 4664 856 4734 mmginsisFratcr
905 4665 970 4717 been
983 4662 1099 4731 supplied
1111 4676 1145 4714 on
1156 4662 1200 4715 the
1212 4662 1320 4731 margin.
