3625 5784
591 858 863 910 renunciemus
885 858 1097 911 cnn0u1cou.
1311 846 1375 915 305

321 1046 417 1113 rendi
440 1045 586 1132 ejusdem
609 1047 726 1112 domus
749 1052 784 1112 et
809 1047 975 1133 quendem
1000 1047 1102 1113 totius
1127 1046 1245 1115 Scotiee
1267 1047 1375 1113 suncti

322 1148 465 1215 Andreae
487 1148 638 1234 apostoli,
652 1148 951 1235 parvipendentes1
967 1149 1062 1214 illum
1083 1171 1181 1235 quem
1200 1154 1376 1236 patronum

324 1251 414 1336 regni
438 1250 557 1317 Scotiae
579 1250 767 1334 antiquitus
789 1251 960 1316 nominare
982 1250 1133 1317 solebant
1156 1258 1190 1316 et
1219 1252 1256 1314 in
1279 1250 1376 1315 euxi-

323 1352 405 1416 lium
427 1353 590 1417 invocere
635 1350 719 1416 Inde
734 1372 812 1415 vero
834 1357 1011 1431 vertentes,
1027 1352 1161 1417 domum
1184 1358 1373 1417 sencterum
1486 1388 1491 1399 ·

323 1451 517 1518 monialium
540 1454 581 1518 de
604 1450 820 1537 Inmelaye2
841 1473 916 1517 cum
940 1454 1067 1519 ceteris
1089 1454 1317 1537 adjacentibus
1339 1452 1376 1517 in

323 1554 435 1640 patrie
465 1554 618 1619 incendio
650 1552 801 1618 horribili
832 1560 1083 1620 concremarunt
1095 1580 1103 1635 ;
1124 1557 1160 1620 in
1192 1555 1259 1619 fine
1281 1554 1371 1619 illius

324 1656 391 1721 diei
435 1655 531 1721 Jovis
576 1659 807 1742 pernoctantes
844 1657 934 1741 epud
981 1656 1168 1723 Lenercost.
1225 1656 1376 1742 Cumque

325 1778 439 1824 eorum
475 1757 542 1823 fuit
578 1757 734 1823 voluntas
772 1757 912 1824 ulterius
949 1758 1131 1844 procedere,
1163 1758 1272 1824 noluit
1305 1759 1376 1844 ipse

325 1859 407 1924 dens
440 1864 477 1925 et
496 1858 571 1923 ideo
593 1858 746 1945 impediti
777 1864 864 1924 sunt
910 1858 1020 1925 Affuit
1053 1860 1141 1925 enim
1173 1860 1314 1925 nuncius
1337 1880 1379 1925 ex
1393 1860 1515 1911 lunam

325 1963 394 2027 suis
417 1962 475 2047 qui
505 1962 638 2039 diceret,
660 1961 749 2047 quod
771 1963 936 2027 exercitus
966 1962 1053 2049 regis
1083 1962 1215 2049 Angliee
1238 1962 1375 2027 veniens
1393 1926 1500 2043 fflof

326 2065 361 2127 in
383 2063 536 2149 proximo
566 2063 755 2143 assisteret3
776 2064 913 2128 attoniti
945 2085 1023 2129 vero
1056 2069 1090 2129 et
1123 2062 1303 2151 stupefacti
1336 2063 1373 2127 in
1393 2059 1495 2123 thesp-

326 2166 396 2242 boc,
418 2185 494 2230 eum
526 2164 686 2251 quasdem
719 2164 834 2229 domos
867 2165 1015 2250 ejusdem
1038 2166 1230 2231 monasterii
1263 2170 1377 2231 temen
1394 2122 1529 2256 pppeeEpger

327 2288 395 2331 non
418 2266 585 2331 ecclesium
619 2266 850 2343 incendissent,
874 2287 1003 2332 summo
1025 2288 1122 2332 mene
1154 2268 1220 2333 diei
1244 2266 1380 2333 Veneris
1394 2256 1516 2321 ruhuey

159 2359 305 2479 {amb
329 2390 389 2455 per
437 2369 583 2433 medium
628 2369 760 2435 forestes
805 2368 959 2434 Nicholei
996 2391 1071 2436 cum
1110 2392 1231 2456 magne
1268 2370 1382 2455 preede

1395 2324 1451 2373 flcc.

329 2470 454 2536 reversi
498 2473 586 2535 sunt
647 2469 784 2537 Peracta
827 2470 1060 2556 solempnitate
1105 2470 1255 2537 Pescbali
1301 2492 1379 2537 mox

330 2571 480 2638 exercitu
500 2576 687 2657 prrepmeto
709 2592 769 2636 rex
791 2570 977 2637 Edwardus
1000 2572 1138 2637 divertit
1168 2572 1212 2637 ed
1234 2577 1379 2637 cestrum

330 2672 372 2738 de
406 2671 529 2751 Werk3
549 2671 620 2757 ipse
654 2693 733 2737 vero
765 2671 931 2737 Robertus
965 2672 1032 2737 Ros
1063 2673 1121 2757 qui
1152 2694 1187 2738 se
1225 2672 1375 2737 futurum

330 2794 489 2858 magnum
520 2772 683 2850 eredebet,
707 2776 783 2857 post
816 2777 987 2857 optentum
1011 2772 1183 2838 victoriam
1216 2772 1257 2838 de
1280 2779 1503 2859 regnoscens

332 2874 453 2941 Scotiae
475 2896 496 2939 n
517 2895 594 2959 rege
617 2873 793 2951 Eduardo,
815 2896 837 2939 e
850 2873 1044 2959 fecie.regis
1066 2873 1207 2961 fugiens,
1223 2879 1383 2960 tenquem
1399 2848 1495 2967 {2⁰³⁸

330 2997 437 3063 vegas
459 2980 495 3040 et
515 2974 674 3061 profugus
696 2975 936 3061 aliquantisper
950 2975 1107 3052 letitevit,
1131 2980 1166 3041 et
1187 2976 1223 3039 in
1245 2996 1383 3062 pauper·

332 3078 412 3145 tetis
441 3077 575 3143 miserie
604 3077 735 3162 periens
767 3076 944 3143 defunctus
969 3084 1030 3143 est.
1076 3078 1141 3142 Die
1169 3077 1326 3143 Mercurii
1348 3078 1384 3142 in

332 3178 540 3245 hebdomade
554 3178 705 3243 Pescheli
720 3184 855 3264 peracte
869 3179 1101 3266 solempnitate
1124 3178 1274 3246 Pescbeli
1297 3200 1385 3245 enno

333 3282 458 3348 scilieet
501 3281 620 3367 gretiae
665 3280 844 3367 incipiente
889 3297 1052 3347 uccxcvi.
1091 3302 1150 3347 rex
1199 3281 1384 3347 Edwardus
1400 3291 1469 3343 Am.
1484 3294 1557 3341 rece.

334 3384 489 3449 movebut
511 3404 546 3447 se
568 3404 643 3447 cum
667 3383 815 3448 exercitu
837 3404 906 3461 suo,
929 3388 963 3448 et
985 3382 1152 3468 ingressus
1186 3389 1238 3449 eet
1259 3390 1382 3451 terrem
1401 3396 1472 3459 Kinss
1483 3394 1536 3445 uc·

335 3484 464 3563 Seotiae,
502 3478 623 3567 equom
661 3504 735 3569 quae
769 3489 907 3548 vocetur
945 3483 1066 3549 Twede
1107 3485 1318 3563 transeundo,
1352 3489 1387 3549 et
1401 3463 1560 3581 fflffin

335 3608 422 3671 eque
466 3584 607 3649 nimium
651 3583 837 3672 inundante
882 3586 978 3671 quusi
1015 3585 1208 3651 miraculose
1246 3587 1386 3673 contigit

335 3687 424 3773 quod
457 3708 525 3752 non
557 3686 658 3772 periit
693 3685 759 3750 nisi
796 3707 883 3751 unus
924 3708 1008 3773 puer
1044 3708 1087 3751 ex
1124 3688 1214 3752 omni
1252 3688 1386 3774 populo.

338 3788 478 3853 Interim
508 3788 597 3853 cives
628 3786 877 3853 combusserunt
910 3789 958 3874 iij.
990 3809 1091 3854 neves
1124 3788 1257 3856 bellices
1290 3791 1386 3877 regis,

338 3890 499 3955 insultum
521 3889 679 3955 facientes
712 3890 756 3954 ed
777 3912 907 3955 murum
919 3915 927 3971 ;
949 3893 1037 3976 quod
1071 3912 1131 3956 rex
1155 3891 1282 3968 videns,
1305 3891 1388 3958 feeit

339 3990 501 4055 insultum
537 4010 696 4076 megnum
734 3995 769 4055 et
805 3991 858 4057 die
888 3992 1026 4056 Veneris
1057 3991 1167 4079 cepit³
1196 3992 1309 4056 villam
1348 3991 1389 4057 de

340 4093 496 4179 Berwyk,
518 4097 552 4157 et
575 4097 721 4157 cestrum
743 4092 910 4159 redditum
934 4098 1007 4158 eret
1029 4094 1059 4158 ei
1083 4115 1141 4179 per
1162 4093 1393 4158 fortitudinem

341 4214 402 4278 per
423 4193 594 4258 dominum
618 4193 796 4279 Symonem
812 4194 930 4279 Frysel
952 4199 987 4260 et
1002 4193 1172 4259 dominum
1191 4192 1395 4258 Willelmum
1408 4196 1540 4314 lllnslcdls

380 4520 388 4553 ¹
405 4525 429 4567 ee
440 4518 619 4583 impendentes,
635 4518 710 4577 Ms.;
726 4532 761 4567 en
778 4531 848 4567 error
931 4518 942 4549 ²
959 4518 998 4567 ic.
1010 4518 1124 4582 Inmley.

346 4596 411 4647 from
424 4597 467 4647 the
483 4594 604 4659 copyist's
620 4594 785 4661 micreeding
803 4595 847 4645 the
931 4597 942 4629 ⁸
960 4596 1028 4647 Here
1039 4610 1073 4645 cn
1089 4596 1150 4647 both
1169 4594 1281 4661 margins
1299 4596 1320 4648 is
1333 4596 1399 4647 Ber·

347 4673 521 4725 abbreviation
543 4674 585 4725 ior
602 4689 664 4738 par,
681 4674 765 4727 which
784 4675 847 4724 ends
898 4674 1075 4740 wytcapitur.
1112 4675 1199 4726 Occisi
1211 4676 1290 4727 Seoli.

347 4753 391 4804 the
402 4753 454 4803 linc
465 4752 492 4802 in
504 4754 537 4802 A.

446 4859 463 4894 ο
495 4848 587 4896 51971.
1242 4866 1267 4913 U
