3625 5784
408 842 474 910 366
753 853 899 904 emmor
923 855 1106 904 urruurou

411 1045 534 1130 recepit
557 1044 745 1130 pristinam,
767 1047 803 1108 et
835 1043 995 1129 majorem
1026 1043 1175 1108 adauxit.
1223 1041 1269 1108 Et
1299 1040 1468 1108 conlidens

239 1196 291 1246 me
304 1193 365 1258 king
412 1147 453 1210 de
476 1146 626 1212 bonitate
650 1147 754 1232 ipsius
789 1151 823 1211 et
856 1147 1055 1225 constantia,
1077 1167 1192 1211 curam
1225 1151 1260 1211 et
1282 1145 1467 1211 custodium

239 1267 358 1312 nonunt·
413 1249 570 1314 Edwardi
593 1247 654 1312 filii
677 1249 728 1312 sui
753 1253 788 1312 et
810 1248 916 1312 totius
943 1253 1043 1313 terrae
1066 1246 1198 1335 Angliae
1222 1247 1381 1334 adjuncto
1403 1247 1468 1312 sibi

241 1330 372 1445 32ch
412 1351 547 1417 domino
569 1349 755 1437 Reginaldo
781 1349 822 1413 de
855 1348 947 1434 Grey
969 1371 1079 1414 coram
1112 1350 1203 1414 omni
1236 1349 1351 1435 populi
1383 1370 1469 1414 oom-

241 1461 294 1538 him
305 1461 359 1535 anu·
413 1453 512 1528 misit,
537 1451 758 1538 praecepitque
782 1455 821 1516 ut
844 1451 956 1514 omnia
987 1451 1051 1515 sibi
1087 1451 1345 1515 restituerentur
1367 1451 1469 1515 etiam

240 1527 374 1642 ξΠΒΨ
414 1577 519 1640 usque
553 1554 597 1618 ad
631 1553 787 1618 ultimum
820 1552 1064 1636 quadrantem
1098 1553 1210 1637 sicque
1242 1551 1378 1617 favente
1407 1551 1471 1616 deo

241 1657 367 1722 emythe
414 1658 570 1722 reductus
594 1660 645 1720 est
678 1675 754 1719 cum
788 1654 913 1718 honore
947 1655 1004 1740 qui
1040 1661 1181 1719 mortem
1215 1676 1283 1718 non
1317 1659 1469 1720 metuens

242 1722 390 1776 cureofthe
689 1755 695 1768 .
838 1755 844 1768 .
1077 1757 1084 1764 .

244 1791 365 1857 kingdom
414 1779 475 1844 pro
497 1757 621 1820 honore
644 1755 698 1818 der
721 1759 864 1819 certav1t
886 1775 992 1840 usque
1015 1755 1058 1818 ad
1076 1759 1234 1838 mortem.
1282 1755 1470 1839 Omnesque

243 1857 348 1936 &⁶¹¹¹ss
414 1864 587 1948 magnates
610 1857 668 1942 qui
701 1854 747 1920 ibi
777 1857 919 1920 aderant
941 1857 1013 1943 ipso
1036 1857 1124 1943 regis
1147 1855 1216 1920 filio
1238 1879 1281 1922 ex
1304 1862 1470 1942 praecepto

242 1939 336 1988 pnnee.
414 1964 502 2050 regis
524 1961 614 2047 pacis
643 1958 839 2022 fidelitatem
872 1957 1049 2035 faciebant,
1084 1963 1119 2022 et
1151 1958 1195 2022 ab
1229 1959 1320 2022 omni
1347 1958 1470 2044 populo

415 2063 534 2128 levatis
558 2060 686 2125 dextris
710 2080 809 2122 verus
842 2059 1112 2124 conclamabatur
1143 2059 1250 2124 haeres
1277 2059 1411 2124 futurus
1434 2064 1469 2124 et

243 2205 395 2271 'restringe
415 2164 569 2228 dominus
592 2167 626 2226 et
649 2160 742 2248 regni
776 2179 949 2224 successor.
978 2160 1182 2225 'Excusavit
1213 2183 1248 2226 se
1281 2162 1384 2225 etiam
1407 2183 1467 2226 rex

242 2289 336 2351 excuqe
416 2267 456 2330 de
495 2262 725 2330 exactionibus
764 2267 799 2326 et
836 2262 935 2348 prisis
974 2283 1058 2347 quas
1096 2286 1118 2326 e
1154 2263 1277 2348 populo
1316 2263 1469 2349 suscepit,

245 2339 338 2457 ἓξὲξ
416 2370 527 2434 dicens
566 2388 600 2430 se
638 2365 770 2450 incepta
816 2365 970 2450 prosequi
1008 2387 1076 2428 non
1113 2387 1209 2450 posse
1247 2365 1312 2429 nisi
1357 2387 1471 2430 eorum

245 2472 384 2522 exactione.
417 2469 610 2534 subveniret
657 2468 750 2553 larga
789 2487 917 2542 manus,
955 2467 1122 2554 praecipue
1158 2488 1234 2532 cnm
1271 2488 1340 2532 non
1377 2487 1471 2532 suam

417 2575 560 2648 tantum,
583 2570 684 2634 immo
718 2567 822 2632 totius
855 2568 971 2653 populi
1005 2574 1121 2655 ageret
1151 2589 1286 2634 oausam
1311 2574 1472 2654 tanquam

245 2709 285 2758 H,
297 2707 352 2756 also
417 2678 585 2761 protector
634 2693 748 2736 eorum
791 2675 825 2734 et
864 2670 1020 2734 defensor
1032 2695 1040 2750 ;
1078 2673 1275 2758 rogavitque
1312 2672 1473 2757 populum

245 2773 359 2824 ssk⁵f⁰¹
417 2781 553 2862 accepta
575 2774 711 2839 licentia
734 2777 773 2836 ut
796 2773 907 2837 omnia
929 2773 1198 2838 condonarentur
1220 2773 1251 2838 ei
1274 2780 1309 2838 ct
1338 2779 1475 2839 orarent

245 2841 404 2957 {letffm
417 2901 478 2965 pro
502 2901 547 2944 eu.
593 2877 638 2942 Et
669 2874 811 2940 orabant
833 2874 969 2958 quidam
1004 2874 1144 2960 publice,
1175 2875 1234 2939 alii
1267 2881 1380 2940 autem
1414 2877 1475 2954 sic,

243 2974 339 3038 Pe⁰1³¹⁰¹
420 2982 478 3046 alii
512 3001 592 3044 vero
624 2977 760 3052 occulte,
793 2977 889 3061 pauci
930 2998 1011 3042 vero
1045 2976 1136 3041 bene.
1198 2977 1353 3044 Praedicti
1392 2999 1472 3044 vero

418 3083 556 3148 comites
601 3077 835 3144 Herfordensis
881 3083 917 3142 et
963 3077 1202 3144 Mareschallus
1247 3101 1269 3142 a
1313 3101 1391 3167 rege
1436 3099 1472 3144 aa
1485 3081 1633 3149 Τήιωι.

418 3183 661 3257 subtrahentes,
693 3201 769 3245 cum
802 3179 892 3245 votis
927 3179 998 3264 ejus
1022 3201 1089 3244 non
1111 3187 1269 3266 parerent
1290 3181 1335 3245 ab
1356 3201 1471 3246 eorum
1484 3154 1559 3202 ’⁵¹¹‘

244 3309 301 3362 The
313 3309 365 3358 carl
418 3285 532 3352 officiis
547 3282 690 3349 absoluti
707 3287 795 3358 sunt,
806 3281 964 3366 deditque
980 3303 1040 3346 rex
1056 3303 1170 3346 eorum
1186 3281 1293 3347 officia
1307 3283 1383 3346 aliis
1398 3284 1472 3368 qui·

244 3377 364 3493 {frffi
419 3387 560 3452 busdam
575 3386 632 3470 qui
649 3383 880 3448 ministrarent
906 3383 945 3448 ei
993 3383 1090 3463 Quod
1106 3384 1170 3469 ipsi
1192 3405 1295 3472 grave
1317 3385 1472 3460 ferentem

246 3459 354 3560 decan
418 3489 583 3575 praecipue
613 3507 689 3550 cum
711 3506 778 3549 non
813 3488 947 3548 tuntum
973 3485 1141 3571 proprium
1163 3486 1346 3551 sedetiam
1369 3487 1473 3552 totius
1807 3464 1808 3505 ¹

244 3575 365 3691 3322}
419 3587 669 3656 communitatis
703 3607 835 3651 causam
869 3591 1016 3674 agerent,
1050 3587 1198 3651 dicentes
1235 3587 1472 3653 mediatoribus

245 3705 388 3758 fromtheir
420 3693 511 3778 pacis
534 3691 592 3776 qui
614 3689 704 3754 inter
730 3689 820 3773 ipsos
853 3693 888 3753 et
920 3709 1033 3776 regem
1064 3688 1270 3773 equitabant,
1293 3691 1382 3774 quod
1404 3709 1471 3754 non

248 3773 341 3824 nuces.
418 3795 526 3858 solum
549 3793 613 3877 ipsi
637 3790 694 3856 sed
717 3793 791 3855 tota
812 3789 1034 3854 communitas
1055 3795 1155 3855 terrae
1176 3796 1320 3878 gravata
1341 3796 1415 3856 erat
1437 3796 1472 3856 et

418 3897 509 3960 ultra
546 3893 681 3958 modum
719 3892 760 3956 de
799 3891 933 3976 injustis
965 3891 1207 3969 vexationibus,
1245 3893 1405 3981 talliagi'm
1438 3898 1474 3958 et

418 3999 526 4085 prisia,
572 4001 607 4061 et
645 3995 787 4060 maxime
833 3993 923 4078 quod
961 4015 1028 4057 non
1076 3995 1256 4058 secundum
1301 3995 1475 4061 libertates

247 4113 345 4188 Auno
421 4119 552 4187 magnae
599 4101 700 4162 cartae
746 4095 975 4174 ducerentur,
1005 4115 1147 4178 cumque
1191 4097 1279 4184 regis
1323 4097 1474 4161 animum

247 4179 394 4309 {ffifflgw
420 4201 577 4268 viderent
606 4197 808 4262 immobilem
842 4201 878 4260 ct
915 4196 1044 4260 diutius
1077 4197 1142 4260 sub
1175 4197 1317 4262 incerto.
1333 4203 1474 4264 ventum

247 4311 315 4362 lora
420 4302 596 4368 verberare
618 4299 778 4374 nolentes,
793 4297 901 4362 missis
917 4297 961 4361 ad
983 4319 1094 4386 regem
1118 4299 1247 4364 nunciis
1269 4304 1474 4388 rogaverimt

325 4441 367 4492 ‘a
422 4427 507 4482 eum,
530 4407 570 4468 ut
604 4400 806 4485 subscriptos
841 4399 1000 4465 articulos
1034 4421 1095 4485 pro
1127 4421 1162 4466 se
1197 4405 1232 4465 et
1265 4416 1327 4488 pro
1349 4403 1472 4488 populo

421 4505 598 4572 emendare
607 4502 751 4589 juberet,
766 4500 1052 4585 adicientesquod
1068 4501 1097 4564 si
1112 4500 1260 4567 chartam
1277 4503 1473 4570 libertatum

419 4607 613 4673 confirmare
646 4603 749 4668 vellet
771 4607 806 4666 et
837 4601 995 4667 articulos
1027 4603 1200 4691 corrigere,
1234 4605 1344 4690 parati
1377 4610 1475 4673 erant

419 4729 533 4774 omnes
556 4727 632 4771 eum
655 4704 749 4790 sequi
772 4703 807 4767 in
831 4703 937 4768 vitam
961 4707 996 4768 et
1018 4703 1055 4768 in
1078 4709 1226 4771 mortem
