3625 5784
660 890 933 941 navcmrsassm
954 891 1166 943 onsomoou.
1370 878 1437 943 333

381 1092 479 1143 torum
500 1089 568 1159 post
588 1084 778 1141 Bonefacinm
800 1085 864 1158 viij.
887 1085 964 1142 sedit
985 1104 1061 1159 papa
1083 1104 1143 1143 non
1165 1086 1252 1160 plens
1275 1104 1353 1145 anno
1368 1104 1438 1158 uno,

383 1176 419 1231 de
441 1193 500 1248 quo
521 1173 642 1247 quidam
664 1174 707 1231 sic
729 1174 783 1241 ait,

470 1313 500 1367 A
521 1332 554 1370 re
575 1330 684 1369 nomen
706 1313 790 1381 haba,
814 1312 953 1380 Benedic,
976 1312 1108 1380 benefac,
1132 1314 1296 1383 benedicte,

472 1402 536 1458 Aut
557 1420 620 1458 rem
642 1407 787 1475 perverto,
810 1402 946 1469 Maledie,
970 1404 1103 1470 mefac,
1128 1403 1293 1461 maledicte.

429 1567 562 1624 Clemens
584 1566 705 1639 quintus
727 1571 795 1638 post
816 1565 1010 1623 Benedictum
1040 1568 1116 1623 sedit
1146 1586 1222 1641 papa
1244 1568 1330 1624 annis
1353 1570 1436 1641 quasi

384 1655 434 1727 xij.
470 1656 522 1729 qni
556 1656 634 1713 circa
664 1655 815 1711 thesauros
846 1656 1027 1728 colligendos
1061 1662 1091 1713 et
1124 1662 1219 1713 castra
1242 1658 1438 1715 construenda

385 1746 544 1802 insudavit.
606 1745 747 1802 Ordinem
783 1746 1016 1816 Templariorum
1064 1737 1241 1812 damnavit‚¹
1278 1747 1437 1819 septimum

384 1834 493 1889 librum
543 1834 743 1891 Decretalium
788 1850 854 1906 quse
899 1834 1125 1891 constitutiones
1171 1826 1438 1892 Clementinianas²

384 1928 537 1989 vocantur,
564 1923 725 1992 ordinavit,
749 1924 801 1978 sed
834 1923 893 1979 cito
931 1928 997 1995 post
1035 1923 1067 1979 in
1102 1923 1225 1980 concilio
1258 1925 1337 1997 quod
1360 1924 1439 1997 apud

384 2012 533 2071 Viennam
557 2012 720 2068 celebrarat
741 2012 867 2067 eundem
890 2012 999 2067 librum
1022 2013 1179 2069 revocavit.
1225 2013 1318 2083 Quem
1340 2018 1439 2071 tamen

385 2119 533 2157 successor
577 2119 648 2157 suus
704 2118 780 2173 papa
825 2101 975 2157 Johannes
1020 2101 1184 2170 innovavit,
1231 2102 1438 2175 incorporavit,

385 2191 555 2263 publicavit.

431 2283 529 2349 Anno
552 2283 679 2348 domini
701 2298 855 2349 uocovn.
879 2287 914 2347 et
946 2280 1067 2369 regni³
1091 2284 1178 2369 regis
1201 2283 1318 2368 primo,
1341 2284 1440 2349 litere
1453 2300 1605 2353 anneot.

262 2409 267 2417 ·
311 2381 316 2391 '
385 2385 575 2451 dominicali
610 2385 651 2451 G.
682 2383 764 2449 luna
801 2389 953 2451 currente
989 2406 1048 2469 per
1082 2384 1163 2470 xvij.
1196 2384 1250 2449 die
1283 2385 1440 2451 Mercurii

385 2488 537 2572 proxima
562 2491 639 2572 post
661 2486 786 2551 festum
808 2485 1006 2572 Epiphania
1038 2506 1149 2551 omnes
1172 2485 1290 2551 frames
1312 2488 1441 2553 milities

386 2588 515 2674 Templi
536 2588 574 2652 in
596 2587 720 2673 Anglia
741 2586 978 2651 universaliter
992 2586 1129 2650 fuerunt
1151 2588 1241 2671 capti
1263 2589 1357 2672 quasi
1374 2609 1441 2653 una
1453 2609 1555 2660 Seizure

385 2690 466 2755 hora
488 2689 556 2754 diei
578 2695 614 2753 et
636 2688 830 2754 incarcerati
853 2692 1020 2773 praecepto
1043 2688 1140 2773 regis,
1162 2708 1221 2773 per
1242 2688 1440 2753 mandatum
1452 2674 1602 2791 fflffin·

385 2793 511 2858 domini
542 2813 648 2879 papae,
670 2795 706 2856 et
736 2792 774 2855 in
807 2812 909 2855 manu
944 2790 1031 2875 regis
1065 2790 1178 2855 omnis
1200 2790 1288 2855 bona
1318 2806 1535 2868 scrumosus

386 2900 484 2960 terrra
506 2900 541 2960 et
574 2898 767 2960 tenemento
798 2894 922 2970 saisita,
946 2892 1025 2979 quia
1047 2892 1195 2959 haeretiei
1218 2898 1252 2957 et
1276 2898 1440 2980 apostatae
1452 2872 1591 3004 {2¹33OE

387 2996 592 3073 dicebantur,
626 3001 662 3061 et
692 2996 778 3061 idem
813 2995 854 3061 de
890 2995 938 3060 eis
971 2994 1076 3061 fiebat
1109 2994 1146 3059 in
1178 2994 1319 3061 Francia
1349 3001 1383 3061 et
1405 2996 1441 3060 in

387 3104 461 3164 tota
503 3098 767 3166 chmtianitate.
828 3098 895 3164 Hic
939 3119 1070 3184 quoque
1117 3096 1270 3163 Clemens
1315 3099 1442 3184 primus

388 3201 536 3265 omnium
567 3201 720 3287 papalem
752 3200 864 3265 sedem
897 3200 940 3264 de
972 3200 1080 3263 Roma
1110 3218 1215 3284 usque
1237 3199 1441 3265 Avinoniam
1452 3200 1590 3279 Thelfope

387 3302 569 3367 transtulit
617 3302 716 3382 Quod
750 3300 884 3387 quidem
919 3300 1046 3366 fuctum
1070 3322 1114 3365 an
1137 3299 1252 3366 divino
1274 3306 1359 3366 nutu
1383 3324 1441 3367 seu
1452 3268 1554 3399 ἓξὲξ

387 3404 535 3470 humano
557 3425 642 3469 ausu
664 3402 843 3489 contigerit
865 3403 902 3467 in
924 3402 1177 3467 admirationem
1201 3402 1341 3468 ducitur.

434 3516 500 3573 Hoc
525 3516 616 3571 etiam
639 3533 718 3571 anno
740 3514 810 3569 iecit
832 3530 884 3568 rex
919 3513 1079 3569 Edwardus
1110 3530 1214 3583 graves
1236 3513 1441 3587 inquisitiones

391 3595 518 3662 contra⁴
550 3605 753 3661 malefactores
776 3607 806 3659 et
827 3608 1016 3677 usurpatores
1038 3620 1163 3669 corona,
1188 3620 1254 3674 qua
1288 3603 1442 3676 inquisitio

390 3700 513 3751 vocatur
533 3694 736 3766 Traylbaston.
782 3692 928 3747 Bobertns
952 3683 1011 3748 de⁵
1034 3692 1110 3748 Brus
1133 3692 1288 3763 usurpavit
1316 3710 1442 3765 regnum

393 3784 511 3851 Sectioe,
534 3788 565 3838 st
595 3782 674 3837 circa
705 3781 817 3837 Pascha
851 3780 961 3837 occidit
995 3782 1159 3837 Johannem
1183 3772 1241 3837 de⁵
1264 3780 1376 3855 Oomyn
1411 3784 1443 3837 in

391 3872 513 3929 ecclesia
535 3872 672 3927 manum
686 3870 836 3927 minorum
859 3870 895 3926 de
919 3860 1088 3926 Dounirez⁰
1110 3888 1164 3942 pro
1186 3888 1221 3926 eo
1243 3870 1322 3943 quod
1346 3870 1444 3927 noluit

392 3962 449 4017 sibi
493 3961 527 4016 in
573 3959 652 4015 dicta
696 3960 824 4015 factione
862 3957 1036 4016 consentire.
1098 3958 1156 4015 Sed
1193 3977 1245 4014 rex
1282 3959 1443 4017 Edwardns

392 4049 608 4122 superveniens,
631 4048 729 4121 ipsum
752 4048 914 4103 Robertum
936 4048 1037 4118 lugere
1060 4047 1212 4119 compulit,
1237 4051 1267 4103 at
1289 4048 1444 4104 infectores

391 4139 463 4195 dicti
488 4138 632 4195 Johannis
654 4137 814 4209 suspendit
860 4136 924 4206 Quo
956 4135 1074 4208 quidem
1109 4153 1186 4191 anno
1208 4154 1259 4191 rex
1282 4136 1444 4193 Edwardus

424 4379 433 4412 ¹
450 4378 519 4429 Here
530 4394 564 4429 on
574 4378 638 4427 both
654 4376 765 4445 margins
782 4376 804 4427 is
820 4376 893 4425 Tm·
943 4380 1073 4423 ammam
1089 4374 1182 4423 recitat
1198 4372 1244 4423 sed
1260 4374 1347 4425 serim
1357 4377 1446 4441 sacto-

389 4459 474 4525 plarii
484 4457 644 4508 danaum.
944 4470 1000 4503 rum
1012 4469 1060 4503 noa
1072 4451 1199 4503 etamsi.

424 4538 436 4571 ¹
455 4538 625 4596 Clementiae,
636 4536 715 4602 fligi.
977 4532 988 4565 ⁸
1005 4531 1050 4597 dc]
1071 4532 1104 4593 le,
1116 4531 1196 4597 Higd.

424 4617 436 4651 ⁸
452 4614 540 4681 requi]
559 4630 654 4681 rogem,
666 4614 721 4664 MS.
979 4610 989 4643 ⁸
1006 4611 1148 4677 Demus,
1161 4611 1240 4679 Higd.

424 4695 436 4728 ⁴
452 4696 521 4745 Hera
532 4708 566 4745 on
584 4694 648 4743 both
663 4691 776 4758 margins
787 4689 894 4757 issacta
