3625 5784
601 921 871 974 aureasrauasrs
894 919 1106 974 cuuoarcou.
1323 908 1386 976 159

335 1117 433 1190 tiaque
467 1117 637 1182 instructus,
661 1116 713 1189 qui
736 1117 814 1174 inter
840 1117 967 1191 priorem
1000 1124 1031 1174 et
1063 1123 1239 1176 conventum
1272 1119 1383 1177 (loven-

334 1212 461 1263 treneem
493 1225 606 1280 semper
637 1206 811 1264 discordiam
844 1208 1048 1275 seminaverat,
1069 1206 1131 1279 jam
1158 1229 1248 1266 manu
1269 1215 1382 1266 armata

334 1297 490 1354 monachos
513 1295 627 1369 expulit
641 1301 781 1369 tauquam
797 1297 958 1353 enormium
976 1298 1133 1354 criminum
1147 1317 1232 1368 reoa;
1257 1316 1382 1372 moxque

335 1387 372 1442 ad
409 1387 598 1459 apostolicam
635 1387 731 1443 sedem
769 1387 926 1444 instructos
963 1387 1071 1444 direxit
1103 1391 1283 1461 responsales
1315 1407 1383 1444 cum

336 1476 429 1532 literis
451 1476 652 1550 episcoporum
674 1475 891 1543 attestantibus,
916 1477 994 1550 quod
1016 1478 1153 1535 monachi
1175 1478 1384 1536 Ooventreneea

335 1565 449 1622 deserta
481 1565 591 1624 Christi
625 1565 742 1633 militia,
780 1566 818 1622 ad
849 1567 980 1623 seculum
1011 1572 1108 1624 essent
1139 1568 1265 1641 relapsi,
1304 1567 1382 1624 nude

335 1654 420 1727 petiit
443 1645 481 1712 a¹
503 1674 579 1729 papa
600 1655 722 1711 liberam
737 1656 773 1712 do
789 1655 971 1713 ordinatione
994 1656 1075 1713 illius
1097 1658 1267 1715 monasterii
1289 1658 1380 1714 lacul-

335 1751 434 1801 tatem.
481 1746 630 1801 Romaum
652 1763 721 1802 vero
755 1745 886 1818 pontifex
909 1748 963 1803 sub
995 1735 1102 1803 cauta²
1132 1747 1334 1820 expectatione
1357 1747 1382 1802 si

337 1823 423 1907 quia³
446 1835 524 1890 forte
552 1853 588 1891 ex
618 1841 701 1907 parto
725 1837 934 1892 monachorum
965 1836 1123 1893 adveniens
1145 1837 1179 1893 in
1201 1837 1383 1895 contrarium

336 1925 486 1996 allegaret,
502 1943 554 1997 per
569 1943 618 1980 aex
634 1942 746 1980 meuses
761 1925 937 1981 seutentiam
948 1925 1118 1998 suspendit3
1143 1927 1193 1982 aed
1216 1933 1386 2000 sumptuum

336 2012 436 2086 inopie
472 2015 622 2070 retardans
659 2015 826 2081 monachos,
860 2023 963 2071 votum
999 2015 1126 2089 episcopi
1165 2016 1384 2074 consummavit

337 2102 474 2160 Mouaohi
498 2103 616 2160 taudem
638 2105 685 2160 vel
708 2120 772 2160 sero
794 2105 945 2160 venientes
967 2105 1101 2178 quamvis
1123 2106 1261 2163 violenta
1283 2108 1384 2179 expul-

336 2193 426 2248 sionis
457 2191 597 2265 injuriam
630 2192 815 2266 deplorarent
848 2194 970 2262 diutins,
994 2196 1170 2267 praevalente
1200 2201 1299 2252 tamen
1322 2196 1385 2269 epi·

336 2283 415 2354 scopi
438 2283 579 2354 potentie,
602 2288 669 2338 astu
691 2289 721 2339 et
743 2283 876 2356 pecunia,
892 2303 945 2357 per
966 2303 1060 2342 annos
1082 2286 1223 2358 plurimos
1245 2286 1382 2343 monachi

336 2371 466 2444 dispersi,
505 2372 591 2429 robus
628 2390 728 2428 eorum
765 2373 797 2428 in
836 2373 1006 2446 praebendas
1042 2373 1213 2432 clericorum
1250 2376 1384 2450 redactis,

335 2467 424 2534 prout
438 2467 573 2534 poteraut
589 2461 688 2534 inopes
702 2462 886 2519 victitabant.
922 2463 1114 2535 Quamobrem
1129 2464 1166 2522 de
1181 2465 1238 2522 isto
1257 2465 1385 2538 Hagone

335 2552 470 2623 episcopo
493 2552 571 2624 apud
594 2553 718 2608 Beceum
741 2553 772 2608 in
796 2552 979 2609 Normaunia
1009 2554 1056 2610 die
1087 2555 1262 2611 Parascenes
1295 2556 1384 2612 decu-

336 2640 424 2696 bante
457 2641 549 2697 tradit
579 2643 666 2710 samo,
700 2641 777 2714 quod
810 2660 877 2698 cum
909 2641 1057 2699 nemiuem
1088 2642 1145 2699 sibi
1178 2645 1385 2717 poeniteutiam

336 2729 485 2802 imponere
500 2732 647 2787 volentem
662 2730 825 2804 reperisset,
842 2732 950 2810 dixisse
964 2733 1066 2800 fertur,
1083 2734 1103 2759 “
1115 2734 1155 2790 Et
1169 2751 1224 2805 ego
1239 2735 1384 2808 meipsum

336 2837 388 2891 pro
419 2811 527 2876 mulie⁴
558 2822 660 2876 erratis
682 2821 755 2876 meis
782 2819 918 2892 adjudico
951 2841 1043 2895 uaque
1077 2813 1134 2877 in⁶
1167 2823 1247 2880 diem
1277 2821 1383 2895 judicii

335 2927 427 2981 poena
450 2909 615 2982 purgatorii
639 2909 840 2968 cruciandum.

167 2996 299 3075 ltemCisj
381 2999 543 3055 celestinus
565 2997 607 3070 iij.
632 3005 698 3072 post
721 2999 901 3057 Clementem
925 3000 1001 3056 sedit
1023 3018 1099 3073 papa
1130 3000 1216 3057 annia
1238 3000 1277 3073 vj.
1300 3021 1383 3059 mon-

164 3071 266 3182 }‘ffl'ss’
278 3065 322 3116 ¹¹¹³·
335 3087 415 3144 sibus
429 3088 506 3160 viij0,
520 3089 570 3162 qui
593 3087 630 3160 ij⁰
651 3089 699 3146 die
722 3091 947 3146 consecrationis
970 3108 1031 3146 sure
1054 3090 1205 3146 coronavit
1219 3091 1382 3148 Henricum

182 3137 309 3195 ’ΜΝ
334 3182 386 3234 rm.
446 3179 592 3234 Frederici
630 3179 724 3234 filium
763 3179 795 3234 in
833 3177 1049 3251 imperatorem,
1087 3181 1142 3235 sub
1189 3180 1245 3237 hac
1281 3181 1381 3238 forma.

335 3266 484 3339 Inprimis,
505 3273 622 3341 recepto
653 3270 689 3325 ab
713 3269 811 3324 eodem
836 3267 965 3325 Haurieo
985 3268 1152 3340 juramento
1175 3275 1244 3326 ante
1275 3271 1383 3342 gradus

333 3357 462 3413 oocleaiae
486 3357 637 3424 Romanae,
661 3358 739 3431 quod
769 3357 921 3414 ecclesiam
943 3358 990 3414 dei
1013 3359 1190 3427 defenderet,
1225 3359 1289 3431 ejus
1314 3359 1383 3433 jura

333 3453 525 3514 conservaret,
548 3452 659 3504 rectam
678 3446 827 3519 justitiam
859 3452 984 3513 teneret,
1007 3449 1218 3520 patrimonium
1241 3449 1332 3518 Petri,
1357 3451 1383 3507 ai

333 3535 405 3608 quid
427 3537 557 3593 ablatum
588 3537 688 3604 luerit,
711 3554 764 3610 pro
798 3555 881 3609 poseo
903 3541 1071 3605 revocaret3
1094 3544 1213 3596 econtra
1246 3539 1382 3597 dominus

333 3643 408 3698 papa
441 3627 472 3682 in
506 3626 644 3683 cathedra
681 3626 784 3683 sedens
818 3644 1013 3699 coronamque
1046 3627 1227 3700 imperialem
1259 3630 1382 3703 pedibus

333 3719 445 3783 tenens,
468 3717 610 3774 inclinato
634 3717 723 3790 capiti
746 3715 893 3790 imperiali
916 3716 1044 3785 demisit,
1068 3735 1157 3791 quam
1190 3718 1291 3775 statim
1314 3737 1381 3776 cum

332 3803 454 3876 pedihus
484 3805 515 3861 in
538 3811 645 3862 terram
679 3806 824 3874 excussit3
850 3805 1009 3877 designans
1039 3825 1092 3879 per
1122 3809 1188 3876 hoo,
1212 3809 1289 3881 quod
1320 3809 1382 3882 ipso

333 3911 407 3967 papa
429 3895 516 3952 habet
547 3901 720 3968 potestatem
751 3914 847 3952 creare
882 3896 1087 3968 imperatorem
1122 3897 1149 3953 ai
1179 3899 1328 3967 meruerit,
1351 3905 1382 3955 et

331 3983 475 4041 deiciendi
506 3984 532 4040 ei
565 3986 757 4051 demeruerit;
782 3983 952 4063 {cardinales
983 4004 1053 4043 vero
1083 3993 1211 4043 astantes
1245 4006 1380 4044 coronam

331 4073 373 4129 sio
409 4092 559 4130 excussam
597 4076 687 4148 capiti
725 4080 924 4148 reposueruut.
981 4077 1112 4132 Absento
1164 4077 1264 4148 itaque
1311 4096 1381 4150 rege

331 4162 456 4220 Ricardo
493 4165 632 4237 praelatus
669 4165 836 4222 Willelmue
874 4164 910 4221 de
947 4164 1050 4237 Longo
1087 4165 1197 4238 Campo
1234 4167 1382 4223 Helieusia

329 4253 481 4326 episcopus
513 4254 670 4326 Hugouem
705 4255 922 4310 Dunelmenacu
955 4256 1123 4327 episcopum
1157 4254 1238 4310 omui
1272 4256 1381 4313 honore

242 4357 244 4362 ·
329 4343 466 4414 privavit,
502 4335 759 4401 Liucolniensem⁶
796 4344 966 4417 episcopum
1000 4333 1209 4417 proturbavit,⁷
1242 4349 1273 4400 et
1305 4363 1379 4418 pene

361 4611 369 4643 ¹
386 4609 416 4675 a]
437 4625 488 4661 om.
498 4608 574 4678 Higd.
911 4607 978 4674 ⁸512]
1000 4607 1041 4670 ad,
1052 4604 1131 4675 Higd.

359 4689 370 4722 ²
387 4695 468 4750 lasela,
481 4688 559 4754 Higd.
911 4686 922 4719 ⁶
938 4685 1156 4755 lincolniensem]
1210 4689 1380 4758 Wyntonien.

359 4769 370 4803 ³
386 4769 488 4832 aliquia,
501 4769 577 4835 Higd.
877 4783 940 4828 som,
953 4767 1031 4833 Higd.

359 4849 369 4883 ⁴
386 4848 472 4916 naalia]
494 4849 655 4916 male,Higd.
912 4844 1114 4913 'perturbante
1124 4845 1203 4916 Higd.
