3625 5784
407 853 472 917 344
750 867 897 917 umnlcr
920 867 1105 917 Kaisaros

409 1052 489 1137 ipsis
511 1050 639 1136 placere
662 1072 723 1138 pro
756 1071 860 1138 posse,
884 1054 1075 1115 statuerunt
1097 1070 1132 1114 sa
1149 1049 1355 1135 judicialiter
1388 1072 1462 1137 pro·

380 1154 522 1219 cedere
544 1160 620 1219 cont
622 1175 658 1217 ra
606 1155 822 1218 teundem
845 1153 986 1217 militem
1009 1156 1049 1216 ut
1035 1152 1189 1217 tsaltem
1223 1154 1356 1239 cognitu
1377 1156 1463 1219 veri-

237 1256 363 1306 Theease
408 1260 479 1319 tate
502 1276 616 1321 eorum
639 1256 862 1320 innocentiam
885 1254 1100 1319 declararent.
1137 1252 1309 1341 Cumque1
1333 1256 1462 1321 Mares-

238 1321 397 1438 pqpeoehphap
409 1358 512 1423 callus
542 1358 715 1435 exercitus,
739 1358 892 1423 dominus
928 1357 1053 1423 scilicet
1075 1357 1242 1421 Radulfus
1274 1359 1315 1423 de
1339 1359 1462 1475 Gorges

240 1453 347 1518 Englih
409 1460 540 1546 inipso
573 1460 628 1524 die
662 1460 818 1525 Mercurii
842 1481 908 1546 quo
940 1460 1031 1523 exire
1063 1459 1265 1525 deberent'
1255 1482 1292 1523 m
1314 1462 1461 1547 vesperis

239 1521 356 1570 nauhu.
408 1584 469 1647 pro
506 1562 666 1628 tribunali
700 1563 829 1627 sederet
866 1583 927 1647 pro
960 1561 1088 1646 J‘udicio
1126 1561 1279 1627 faciendo
1317 1563 1399 1627 de'
1389 1584 1462 1649 1pao

408 1665 514 1729 milite
537 1670 572 1730 et
594 1665 636 1729 de
660 1662 880 1750 quibusdam²
905 1664 1114 1750 pedestribus
1137 1664 1195 1748 qui
1218 1670 1353 1749 propter
1375 1664 1463 1730 mela

408 1788 520 1831 eorum
544 1788 643 1852 opera
658 1767 858 1831 tenebantur
879 1766 916 1829 in
938 1766 1092 1843 vinculis,
1107 1771 1272 1831 venerunt
1293 1767 1462 1853 pedestres

407 1870 527 1954 reliqui
562 1869 619 1954 qui
651 1870 757 1954 magis
779 1868 876 1933 solito
899 1868 980 1933 vino
1012 1869 1210 1949 aestuabant,
1233 1891 1272 1934 eo
1304 1871 1392 1954 quod
1424 1871 1459 1935 in

408 1972 552 2036 transitu
586 1971 696 2035 subito
732 1977 827 2036 erant
858 1972 972 2035 omnia
1003 1972 1198 2048 communia,
1234 1978 1269 2037 et
1302 1972 1460 2038 dixerunt

407 2094 559 2159 expresse
581 2095 615 2139 se
638 2072 726 2138 nolle
748 2074 820 2158 pati
843 2073 917 2137 de
907 2074 1021 2158 ipsisJ
1006 2072 1171 2158 judicium
1194 2072 1274 2151 fieri,
1298 2095 1358 2139 nec
1385 2096 1461 2139 suos

239 2189 378 2239 Aeonflict
407 2198 539 2262 quoquo
561 2175 658 2240 modo
680 2175 786 2261 perire
808 2176 845 2239 in
867 2180 965 2240 tanta
998 2175 1203 2240 necessitate.
1250 2176 1460 2241 Instantibus

237 2270 319 2370 m
327 2256 374 2372 {ge
408 2278 522 2364 itaque
545 2277 707 2343 militibus
729 2299 788 2363 pro
806 2276 935 2362 judicio
957 2276 1106 2342 faciendo
1129 2276 1327 2342 resistebant
1348 2278 1459 2363 pedes-

236 2387 339 2463 cavalry
408 2384 475 2445 tres
498 2380 640 2445 etad
630 2380 772 2444 invicem
795 2379 898 2443 rixati
932 2382 1019 2455 sunt,
1043 2378 1092 2443 ita
1115 2378 1203 2463 quod
1237 2400 1323 2444 unus
1345 2380 1461 2465 pedes·

236 2452 334 2583 dni}
408 2482 512 2547 trium
535 2502 706 2599 percussus
729 2480 866 2545 interiit
913 2480 1059 2564 Moxque
1082 2478 1270 2544 efficiuntur
1291 2486 1460 2565 parteset

409 2586 443 2648 in
467 2606 561 2648 suam
595 2584 772 2670 perniciem
795 2582 1002 2658 dividuntur,
1024 2582 1192 2667 pedestres
1215 2578 1271 2646 et8
1294 2591 1459 2668 equestres

408 2690 525 2750 mutuo
557 2707 591 2749 se
621 2685 783 2750 caedentes
813 2704 918 2768 usque
950 2682 991 2747 ad
1024 2704 1205 2767 vesperam.
1251 2682 1329 2748 Adi
1318 2686 1461 2753 emente
1474 2694 1558 2757 Twys.
1572 2699 1624 2746 cot.

235 2804 363 2869 regator
408 2788 543 2851 tandem
566 2808 701 2871 vespere
736 2785 893 2871 fugerunt
928 2789 1095 2870 equestres
1118 2786 1161 2849 ad
1193 2806 1296 2851 naves
1318 2807 1403 2865 suas,
1427 2766 1546 2855 e't²⁵⁰⁰

237 2870 308 2987 ffignh
310 2887 378 2922 ⁰¹⁵⁰
407 2888 531 2953 relictis
554 2888 646 2971 equis
680 2886 748 2950 suis
771 2886 994 2971 properabant
1025 2886 1161 2971 navigio
1186 2908 1290 2971 usque
1313 2888 1462 2975 Burgum

298 2974 304 2986 ¹
408 2996 442 3055 et
473 2987 623 3074 Blayve.⁴
668 2988 769 3053 Multi
801 2994 915 3052 tamen
942 3008 1054 3052 eorum
1089 2988 1126 3051 in
1155 3009 1257 3053 naves
1289 2992 1463 3058 ascendere

407 3112 475 3156 non
498 3090 659 3176 possunt⁵
673 3095 790 3175 utpote
805 3110 826 3153 a
840 3089 1049 3175 pedestribus
1065 3086 1240 3173 impediti,l
1255 3090 1291 3155 in
1311 3095 1464 3177 praesidio

409 3192 555 3278 ejusdem
587 3192 679 3256 urbis
710 3213 744 3255 aa
778 3212 853 3255 cum
884 3189 1080 3256 difficultate
1115 3198 1316 3277 receperunt.
1363 3195 1461 3260 Mane

234 3312 266 3361 111
278 3328 367 3365 conse
408 3318 450 3361 au
454 3302 520 3360 tem
544 3293 669 3359 sacto
660 3294 801 3379 ingressi
822 3297 902 3357 sunt
934 3292 1053 3356 Franci
1088 3292 1218 3356 nullum
1242 3296 1336 3410 quasi
1370 3298 1462 3363 resis-

235 3381 423 3495 {9⁰⁰2th
409 3403 535 3463 tentem
565 3396 735 3471 habentes,
767 3397 802 3457 et
824 3394 937 3458 occisis
970 3394 1179 3479 pedestribus
1211 3397 1269 3481 qui
1300 3418 1461 3464 r-emanse

236 3512 345 3562 harem
408 3504 486 3562 rant
508 3500 668 3581 ceperunt
690 3515 791 3579 equos
813 3498 1007 3559 caeterorum
1023 3494 1081 3580 qui
1104 3494 1292 3580 effugerant
1310 3504 1462 3577 armatae,

235 3592 300 3706 ξζζζ
309 3594 362 3629 '¹⁰‘
409 3600 542 3666 aellatos
575 3602 610 3662 et
643 3597 809 3673 fraenatos‘
840 3617 984 3681 moxque
1019 3604 1297 3682 expugnaverunt
1330 3606 1463 3667 caeteros

410 3704 467 3788 qui
502 3704 597 3766 erant
630 3700 666 3762 in
703 3699 856 3818 praesidio
894 3702 929 3763 et
966 3703 1085 3783 praeter
1124 3700 1302 3785 armigeros
1340 3703 1463 3768 multos

236 3842 333 3894 fimf
409 3809 567 3891 ceperunt
590 3802 712 3867 milites
728 3803 821 3888 quasi
844 3802 901 3887 xij.
919 3802 1074 3867 videlicet
1096 3802 1267 3867 dominum
1283 3804 1463 3870 Radulsum

236 3926 308 3961 some
408 3908 541 3993 Teway,
587 3906 757 3971 dominum
802 3903 983 3969 Radulfum
1030 3905 1070 3969 de
1114 3904 1246 3989 Gorges,
1293 3906 1463 3971 dominum

237 3990 364 4104 ffiffi‘}
409 4012 577 4096 Rogerum
600 4010 641 4074 de
664 4008 849 4093 Layburne,
872 4006 1044 4071 dominum
1068 4006 1251 4071 Sinerieum
1286 4008 1326 4073 de
1341 4015 1463 4074 sancto

236 4108 396 4160 thesrench.
411 4110 596 4190 Edmundo,
620 4110 790 4174 dominum
822 4106 1010 4172 «Iohannem
1034 4106 1075 4171 da
1108 4105 1268 4194 Gretyng‚
1291 4108 1462 4174 dominum

995 4380 1048 4429 'et
1076 4380 1214 4447 equestres]
1246 4382 1309 4433 lium
1333 4386 1383 4445 A.;
1412 4400 1463 4435 om.

960 4460 1017 4509 MS.

994 4536 1111 4601 ⁴Blaya
1113 4538 1219 4599 etms

437 4590 663 4655 ²quibuscunque,
671 4588 737 4650 MS„
745 4588 807 4638 with
819 4604 835 4639 a
846 4603 908 4653 very
993 4615 1004 4647 ὅ
1018 4622 1130 4681 possent,
1142 4618 1215 4666 MSS.

404 4667 690 4721 indistinctcorreetion
705 4667 832 4729 retorsit,
851 4667 908 4730 qui·
993 4693 1088 4745 ‘Here
1108 4710 1143 4744 οη
1160 4696 1223 4745 boffi
1242 4696 1355 4763 margins
1373 4696 1395 4749 is
1408 4698 1464 4748 An.

406 4751 519 4810 ὁῑωᾶΜ
531 4752 565 4800 Α·
957 4771 1022 4839 plici
1028 4774 1163 4838 porterum
1171 4776 1285 4840 propria
1295 4776 1413 4827 salatia.

443 4410 452 4442 ¹
468 4412 536 4461 llere
548 4423 582 4459 on
599 4408 662 4458 both
681 4405 794 4473 margins
811 4404 833 4455 is
844 4404 910 4455 Dir-

407 4490 491 4539 amrin
503 4490 570 4537 inter
581 4486 689 4551 Araplos.
