3625 5784
590 931 859 982 carosarnsnsrs
883 932 1093 984 canonicos.
1308 916 1371 987 175

776 1173 909 1242 Versus.l

410 1320 518 1377 Nobile
540 1319 725 1377 Oambrensis
747 1319 855 1378 cecidit
877 1321 1012 1378 diadema
1033 1322 1165 1389 docoris;

454 1410 518 1466 Hoc
541 1416 595 1476 ast,
619 1411 711 1466 Passus
734 1411 805 1478 obit,
830 1411 966 1468 Oambria
987 1418 1050 1468 tota
1072 1413 1173 1484 gamit.

411 1499 503 1556 Resus
526 1500 604 1556 obit:
629 1502 697 1558 Non
720 1502 797 1557 sama
820 1501 898 1574 perit
920 1503 972 1558 sed
994 1502 1088 1574 gloria
1110 1502 1236 1571 transit;

454 1589 640 1646 Oambrensis
662 1593 769 1647 transit
791 1591 894 1662 gloria,
919 1592 1011 1648 Resus
1034 1592 1096 1648 obit

412 1679 504 1736 Resus
527 1680 606 1737 obit:
631 1681 726 1736 Decus
749 1681 827 1736 orbis
849 1682 922 1748 abit,
946 1682 1008 1737 lans
1033 1700 1155 1755 quaeque
1176 1684 1309 1756 tepescit.

454 1770 491 1826 ln
514 1771 627 1842 gemitu
651 1771 725 1826 ririt
749 1771 893 1839 Oambria‚
918 1772 1010 1827 Beana
1033 1773 1100 1828 obit.

411 1858 504 1914 Resus
526 1860 617 1927 abest,
642 1861 779 1916 inimicus
802 1860 884 1916 adest
907 1861 999 1917 Rosos
1022 1862 1092 1933 qnia
1112 1881 1173 1918 non
1196 1869 1248 1919 est.

456 1949 522 2004 Jam
546 1950 603 2006 sibi
626 1951 671 2006 nil
692 1950 811 2024 prodest
834 1950 980 2017 Oambria
1000 1952 1096 2018 Beana
1119 1953 1190 2008 obit.

410 2038 478 2095 Non
501 2041 626 2096 moritur
647 2041 698 2097 sed
720 2040 911 2108 submahitur,
934 2041 1003 2113 quia
1024 2059 1137 2114 semper
1159 2043 1282 2099 habetur

454 2129 552 2202 Ipsius
574 2131 725 2202 egregium
748 2148 855 2186 nomen
877 2130 910 2185 in
933 2131 1001 2186 orbe
1023 2150 1132 2187 norum

309 2213 313 2222 '
411 2217 527 2275 Grande
550 2219 637 2275 decus
659 2225 740 2276 tenet
762 2220 818 2276 iste
841 2221 921 2275 locus
944 2210 992 2276 si‘·²
1014 2220 1145 2276 cernitur
1166 2227 1267 2290 ortus;

456 2308 488 2364 Si
511 2309 577 2382 quis
599 2297 664 2366 sit³
685 2309 753 2365 finis
776 2309 928 2382 quaritur,
951 2328 1017 2365 occe
1039 2311 1113 2366 cinis

410 2397 468 2454 Hic
491 2398 612 2470 tegitur,
636 2399 686 2455 sed
709 2399 857 2470 detegitur
880 2400 949 2471 quia
970 2399 1048 2454 fama
1070 2391 1229 2472 peronnis⁴

454 2489 520 2544 Non
545 2488 617 2544 sinit
639 2489 782 2545 illustrem
805 2506 875 2545 roco
898 2489 989 2545 latere
1012 2489 1123 2546 ducem.

411 2578 543 2634 Excessit
565 2579 709 2651 probitate
732 2578 862 2644 modum,
887 2595 973 2634 sensu
997 2580 1182 2650 probitatem,

454 2667 579 2740 Eloquia
601 2687 728 2735 sensnm,
752 2669 881 2724 moribus
904 2669 1061 2742 eloquium.

364 2833 555 2888 Innocentius
588 2831 631 2905 iij.
654 2832 706 2906 qui
741 2839 771 2888 et
803 2833 969 2899 Isthmius,
986 2837 1053 2905 post
1076 2832 1258 2889 celestinum
1293 2834 1369 2891 sedit

322 2939 396 2994 papa
432 2921 517 2978 annis
549 2921 612 2994 viij.
646 2922 794 2978 mensibus
825 2941 853 2977 r.
890 2923 950 2978 Iste
982 2923 1116 2978 literatus
1147 2923 1204 2978 fuit
1237 2928 1268 2979 et
1299 2925 1369 2980 feeit

151 3019 237 3085 Tm.
250 3021 298 3074 cal,
322 3012 454 3066 libellum
477 3011 513 3068 de
546 3013 664 3068 miseria
694 3013 830 3068 humanae
865 3010 1053 3077 conditionis,
1078 3013 1234 3084 Speculum
1257 3013 1366 3080 Missas,

150 3091 227 3136 ²⁴¹³·
322 3101 550 3158 Constitutiones
574 3102 810 3174 quamplurimas.
857 3103 918 3157 Iste
952 3101 1124 3174 dampnavit
1155 3102 1286 3158 libellum
1318 3104 1370 3159 ab·

321 3191 396 3246 batia
419 3191 552 3247 Joaohim
576 3209 662 3264 quem
695 3197 797 3247 contra
829 3191 1002 3262 magistrum
1026 3191 1146 3246 Petram
1169 3192 1368 3249 Lambardum

320 3285 467 3337 auctorem
491 3281 709 3337 Sententiarum
735 3280 875 3337 ediderat.
922 3281 1101 3352 Dampnavit
1131 3281 1220 3337 ctiam
1242 3283 1369 3338 Almari·
1398 3315 1401 3320 -

320 3388 386 3427 cum
410 3370 617 3427 Oamotensem
633 3371 800 3442 episcopum
815 3361 872 3426 in¹5
895 3389 948 3426 sua
966 3370 1099 3426 doctrina
1114 3371 1260 3429 haeretica.
1304 3373 1369 3429 Hoc

319 3459 407 3516 etiam
430 3479 508 3516 anno
530 3466 645 3516 mortno
676 3463 848 3533 imperatore
877 3459 1023 3532 principes
1046 3461 1229 3517 Alamanniae
1260 3462 1369 3520 discor-

320 3549 434 3606 dabant.
481 3551 558 3606 Nam
592 3550 684 3623 aliqui
716 3550 871 3616 Othonem,
918 3549 1010 3621 aliqui
1045 3550 1215 3622 Philippum
1249 3553 1369 3609 fratrem

319 3639 442 3695 Henrioi
464 3641 562 3713 quinti
584 3640 744 3710 elegerunt.
790 3639 920 3694 Tandem
963 3639 1100 3711 Philippo
1132 3640 1230 3697 dolose
1263 3644 1368 3710 occiso,

319 3729 396 3785 Otho
419 3736 573 3786 coronatur
595 3730 632 3785 ab
655 3728 832 3784 Innocencio
855 3747 930 3800 papa
956 3728 988 3782 in
1011 3729 1142 3786 Francia.
1188 3730 1245 3800 Qui
1267 3734 1367 3788 statim

319 3819 463 3891 pugnavit
497 3837 564 3875 cnm
588 3818 727 3875 Romanis
753 3823 872 3891 propter
895 3837 955 3874 non
977 3818 1140 3874 exhibitum
1163 3819 1313 3889 honorem,
1337 3828 1368 3878 et

318 3907 386 3965 iude
417 3914 519 3964 contra
549 3926 632 3981 papas
664 3909 845 3964 voluntatem
884 3907 1007 3963 abstulit
1040 3926 1165 3980 regnum
1199 3910 1316 3982 Apuliae
1351 3931 1369 3968 a

319 3997 481 4064 Fhederico,
505 4015 562 4071 qua
598 3997 635 4053 de
672 4015 759 4053 causa
791 4016 809 4052 a
840 3996 959 4053 domino
990 4016 1066 4070 papa
1099 4001 1368 4057 excommunicatus

318 4093 371 4144 est.
432 4087 506 4144 Inde
543 4093 647 4160 quarto
684 4105 761 4142 anno
798 4087 884 4158 regni
922 4087 968 4143 sui
1006 4088 1152 4161 principes
1183 4088 1368 4147 Alamanniae

318 4176 504 4233 hadericum
536 4183 690 4234 erexerunt
724 4179 755 4233 in
788 4177 1014 4250 imperatorem
1044 4179 1094 4249 qui
1128 4179 1284 4234 victoriose
1314 4180 1367 4234 tri·

317 4267 471 4340 nmphavit
493 4267 529 4324 de
552 4267 676 4324 Othone.

361 4357 449 4412 Anno
471 4356 575 4428 gratiae
598 4371 770 4414 nouum.
816 4356 881 4412 Hoc
912 4357 1018 4412 ultimo
1045 4375 1123 4413 anno
1147 4357 1226 4427 regis
1248 4356 1368 4413 Ricardi
1380 4362 1450 4414 Al).
1464 4367 1537 4418 11⁹9.

318 4445 504 4504 widomarus
542 4447 701 4504 vicecomes
739 4445 954 4502 Lemovicensis
992 4446 1024 4500 in
1062 4445 1219 4501 Britannia
1255 4446 1368 4504 minora

316 4535 403 4592 homo
425 4535 503 4609 regis
525 4536 645 4608 Angliae
677 4535 797 4592 invento
829 4536 972 4592 immenso
1005 4535 1142 4590 thesauro
1176 4536 1240 4591 anri
1271 4540 1302 4591 et
1323 4555 1367 4592 ar·

349 4729 357 4764 ¹
377 4729 409 4780 de
421 4729 488 4779 Reso
500 4728 623 4794 princeps
633 4723 744 4786 wallia,
757 4727 815 4776 add.
901 4725 913 4758 ³
929 4725 978 4792 ait]
998 4725 1035 4784 fit,
1046 4725 1124 4793 Higd.

315 4809 395 4876 Higd.
900 4804 911 4836 ⁴
925 4803 1073 4870 perhennis,
1083 4807 1142 4858 MS.

350 4889 361 4921 ²
378 4889 415 4962 ai]
435 4887 500 4939 iram
513 4887 607 4954 Higd.;
625 4883 678 4949 aad,
689 4884 748 4937 MS.
900 4883 911 4915 ⁵
929 4885 970 4954 in]
990 4900 1058 4947 sum,
1068 4885 1150 4955 llige.
