3625 5784
610 912 883 964 aurcusrnunsrs
905 914 1117 969 onnonroon.
1323 906 1388 973 339

332 1098 507 1184 sequelam,
548 1120 624 1165 cum
653 1122 721 1166 uno
756 1122 866 1187 puero
904 1107 943 1167 et
972 1124 1040 1168 uno
1071 1124 1156 1189 equo
1193 1101 1251 1187 jus
1288 1123 1384 1167 suum

330 1201 484 1286 prosequi
507 1201 592 1266 velle
617 1223 720 1287 usque
754 1202 798 1267 ad
829 1208 978 1283 mortem,
1002 1210 1036 1270 et
1067 1226 1167 1289 super
1190 1204 1382 1289 hujusmodi

328 1302 459 1387 injuriis
481 1302 659 1371 vindicare.
705 1305 753 1368 At
775 1305 826 1369 illi
848 1306 1052 1371 unanimiter
1074 1306 1318 1392 responderunt·
1340 1306 1381 1383 ei,

328 1403 482 1483 dicentes,
506 1427 638 1471 seeum
662 1407 747 1472 velle
776 1407 871 1493 sequi
894 1408 931 1471 in
961 1408 1067 1473 vitam
1098 1414 1132 1475 et
1161 1408 1199 1472 in
1229 1412 1377 1473 mortem.

327 1504 417 1593 Rege
462 1507 567 1593 igitur
611 1507 786 1573 Scotorum
841 1510 899 1594 qui
956 1510 1071 1576 aderat
1127 1532 1202 1576 cum
1249 1511 1376 1576 caeteris
1391 1507 1533 1562 Thesmo

326 1610 536 1695 magnatibus
558 1610 722 1675 auxilium
754 1612 980 1697 promittente,
1003 1613 1127 1699 gratias
1150 1614 1212 1677 deo
1236 1617 1271 1677 et
1295 1612 1375 1697 ipsis
1390 1576 1495 1693 idgrffit

326 1711 403 1795 egot,
440 1716 475 1776 et
512 1733 588 1778 oum
631 1712 747 1778 multis
792 1714 974 1798 gratiarum
1013 1714 1199 1780 actionibus
1238 1714 1373 1792 dimisit,
1387 1708 1535 1823 11³ssme

324 1812 469 1878 adiciens
506 1820 540 1879 et
577 1836 705 1901 rogans,
739 1820 780 1880 ut
813 1816 922 1901 parati
957 1820 991 1881 et
1024 1817 1178 1881 instructi
1213 1816 1370 1881 venirent
1386 1788 1512 1905 agairsim

324 1934 398 1979 cum
443 1916 486 1981 ab
531 1938 569 1981 eo
622 1923 732 1981 essent
788 1916 986 1983 sufficienter
1029 1918 1231 2003 praemuniti.
1299 1918 1373 1984 Rex
1388 1906 1494 1959 Franco.

324 2014 506 2082 Edwardus
540 2018 581 2083 de
613 2040 747 2083 suorum
781 2018 908 2083 auxilio
939 2019 986 2083 sic
1016 2040 1155 2095 securus,
1198 2019 1373 2085 confestim
1388 2021 1519 2089 KingEu-

323 2120 431 2185 missis
461 2119 589 2185 duobus
613 2120 771 2185 fratribus
802 2121 844 2185 de
874 2122 989 2186 ordine
1018 2122 1273 2207 praedicatorum
1297 2144 1373 2188 oum
1386 2092 1544 2221 ζζζξγῗῗῗ

322 2222 426 2287 literis
447 2222 654 2288 credulitatis
677 2224 720 2289 ad
742 2245 852 2311 regem
875 2224 1024 2290 Francius
1040 2225 1230 2311 homagium
1244 2224 1255 2263 ¹
1276 2246 1373 2290 suum
1387 2222 1493 2274 &⁸³0⁹-

323 2324 354 2388 ei
375 2324 539 2403 reddidit;
561 2326 615 2390 oui
630 2324 801 2391 dicerent¹
823 2326 860 2389 in
881 2326 971 2392 hunc
987 2327 1129 2392 modum.
1175 2325 1373 2391 “Dominus

322 2432 340 2459 “
362 2430 474 2491 noster
495 2448 555 2491 rex
576 2426 708 2513 Angliae
741 2448 809 2492 non
840 2427 911 2492 sine
934 2448 1033 2493 causa
1055 2428 1199 2492 miratur
1222 2427 1312 2513 quod
1337 2428 1373 2492 in

320 2526 466 2593 “literis
495 2529 615 2593 vestris
653 2550 759 2613 nuper
789 2528 819 2593 ei
850 2527 984 2594 directis
1022 2549 1097 2595 eum
1127 2550 1194 2593 non
1226 2528 1373 2593 vocastis

321 2635 339 2662 ‘¹
359 2628 502 2695 amioum
539 2651 600 2696 nec
637 2652 749 2695 carum
787 2630 1069 2715 consanguineum
1100 2618 1249 2694 vestrum
1284 2628 1373 2694 sicut

320 2738 337 2763 ‘⁴
360 2728 520 2795 hactenus
541 2732 682 2797 scribere
704 2732 932 2808 consuevistis,
955 2732 1043 2796 unde
1066 2736 1220 2797 causetur
1244 2752 1286 2795 ex
1310 2728 1373 2796 hoc

319 2838 337 2867 “
359 2832 447 2917 quod
470 2854 512 2898 ex
534 2834 650 2899 multis
683 2834 880 2919 conjecturis
912 2834 1040 2919 accepit
1070 2838 1104 2897 et
1134 2832 1249 2909 credit,
1280 2832 1371 2917 quod

318 2940 417 2999 “vos
451 2956 527 2999 eum
564 2941 605 2999 ut
635 2936 727 3021 prius
750 2956 818 3000 non
855 2934 977 2999 tenetis
1014 2934 1166 2999 amicum.
1228 2932 1370 3019 Propter

317 3041 335 3071 “
358 3035 446 3121 quod
468 3036 648 3102 certissime
669 3036 765 3101 vobis
787 3036 933 3113 mandat,
956 3038 995 3099 ut
1017 3035 1105 3100 sicut
1127 3055 1203 3098 eum
1235 3032 1368 3099 creditis
1381 3036 1528 3117 wuooom-

317 3140 392 3202 “et
424 3139 545 3203 tenetis
581 3142 706 3224 utputa
742 3158 810 3202 non
847 3136 999 3213 amioum,
1037 3137 1083 3201 sic
1121 3142 1156 3200 et
1193 3136 1266 3221 ipse
1305 3156 1367 3201 vos
1380 3104 1540 3222 iffsstssiude

317 3244 335 3276 “
357 3244 492 3325 reputat
514 3246 548 3306 et
571 3239 733 3305 consimili
755 3239 853 3304 modo
886 3242 987 3305 tenet.
1033 3238 1078 3302 Et
1100 3237 1187 3303 sicut
1210 3237 1246 3300 in
1269 3235 1366 3303 vobis
1379 3235 1462 3285 (ΜΝ

316 3348 333 3375 “
355 3342 483 3406 nullam
504 3342 602 3407 modo
624 3340 726 3407 habet
755 3341 921 3419 fiduciam,
953 3340 1000 3406 sic
1033 3362 1094 3406 neo
1125 3340 1162 3405 in
1197 3343 1365 3425 posterum
1379 3302 1487 3418 fxiii,

317 3452 334 3477 “
355 3443 476 3510 habere
497 3444 636 3530 potestis
666 3443 793 3508 nullam
826 3443 864 3506 in
890 3464 929 3508 eo
960 3444 1115 3507 fiduciam
1138 3442 1206 3507 sive
1229 3441 1364 3507 fidern.’'
1378 3435 1504 3502 unguor.

316 3545 590 3632 Adjeceruntque,
613 3553 630 3580 “
644 3546 689 3609 Et
711 3546 790 3631 quia
811 3545 849 3609 in
871 3550 960 3611 terra
975 3550 1085 3609 vestra
1100 3545 1136 3608 in
1151 3545 1223 3630 ipso
1239 3544 1365 3611 itinere

315 3648 510 3712 “veniendi
532 3648 574 3713 ad
606 3668 666 3711 vos
697 3646 787 3734 capti
809 3668 924 3711 sumus
955 3651 990 3710 et
1011 3646 1144 3724 retenti,
1166 3651 1200 3711 et
1223 3666 1281 3732 per
1305 3644 1364 3730 iiij.

314 3749 424 3813 “dies
446 3750 541 3835 quasi
564 3748 768 3825 incarcerati,
782 3749 927 3833 petimus
951 3754 986 3812 et
1001 3749 1207 3813 obsecremus
1231 3751 1364 3813 statum

313 3857 329 3882 “
352 3852 548 3917 nunciorum
562 3850 658 3915 nobis
673 3850 777 3915 tribui
791 3854 827 3913 et
846 3849 1060 3937 privilegium
1076 3848 1177 3915 dari.”
1223 3850 1364 3915 Stetim-

313 3972 377 4036 que
418 3972 530 4017 eorum
572 3950 661 4017 dicto
715 3954 849 4035 accepto
892 3955 928 4015 et
972 3950 1147 4027 ratificato,
1188 3949 1365 4035 respondit
1472 4008 1484 4019 .

312 4074 355 4117 ex
376 4059 471 4141 parte
492 4053 578 4141 regis
600 4073 687 4118 unus
709 4061 903 4138 magnatum
927 4052 1006 4137 ejus,
1030 4052 1118 4138 quod
1150 4051 1208 4117 ills
1239 4052 1508 4137 captionem-

1375 4147 1478 4197 sengers

311 4155 459 4221 detentio
481 4177 539 4220 seu
555 4155 767 4220 incarceratio
789 4174 832 4218 ex
854 4160 1019 4240 praeoepto
1041 4154 1128 4240 regis
1143 4154 1198 4219 vel
1220 4155 1362 4223 scientia
1375 4205 1471 4249 return.

310 4279 379 4323 non
410 4257 566 4344 processit
600 4256 784 4342 quinimmo
817 4256 961 4320 multum
994 4256 1172 4342 displicuit,
1206 4257 1362 4323 emendes

311 4358 457 4438 offerens,
479 4379 580 4445 equos
611 4366 646 4423 et
675 4378 835 4444 expensas
866 4361 902 4423 et
932 4362 1051 4423 osetera
1080 4378 1217 4443 quosque
1250 4380 1362 4425 neces·

342 4661 350 4693 ¹
367 4660 437 4713 Here
447 4676 483 4711 on
494 4658 556 4709 both
575 4656 689 4722 margins
707 4655 730 4705 is
749 4655 809 4705 Re:
892 4653 904 4686 ²
920 4654 1041 4713 dicerent,
1052 4655 1103 4715 A.;
1120 4654 1247 4717 deberent,
1260 4656 1316 4709 MS.

307 4738 457 4790 Edwardas
483 4735 568 4787 reddit
591 4736 734 4801 tomopinm
755 4734 811 4799 rogi

307 4818 436 4871 Francia.

1158 4908 1227 4971 rt
