3625 5784
415 864 457 928 24
761 877 904 926 nnunrm
931 877 1114 926 sammon

414 1066 434 1098 “
458 1082 517 1127 rex
541 1060 728 1148 Norwegiae
752 1061 921 1128 Golanus¹
944 1061 1144 1127 obsederunt
1165 1060 1337 1128 civitatem
1369 1061 1469 1125 istam

413 1170 431 1198 “
450 1163 521 1249 jam
537 1163 607 1230 fere
622 1185 829 1251 perannum.
876 1163 943 1229 Sed
964 1169 1000 1229 et
1022 1170 1157 1252 trewgae
1173 1164 1335 1229 internos
1358 1167 1468 1247 oaptae

417 1275 434 1300 ‘¹
452 1265 523 1351 jam
548 1272 628 1332 sunt
651 1287 690 1332 ea
712 1266 911 1344 conditione,
934 1267 1023 1352 quod
1045 1287 1105 1332 nos
1128 1266 1338 1332 inveniamus
1364 1284 1469 1330 unum

417 1375 434 1404 ‘¹
456 1368 626 1454 gigantem
650 1368 709 1455 qui
731 1374 897 1434 certamen
919 1367 1059 1435 subeat²
1073 1390 1149 1436 eum
1172 1369 1285 1456 pugile
1308 1388 1367 1433 suo
1383 1365 1472 1432 Coli-

418 1475 436 1508 “
458 1471 585 1538 brando
618 1471 750 1550 Affiioo,
784 1475 818 1538 et
849 1471 877 1537 si
912 1472 1084 1558 contingat
1115 1473 1203 1558 quod
1235 1475 1347 1537 noster
1379 1469 1473 1557 gigas

419 1582 439 1613 “
461 1576 631 1663 gigantem
654 1597 752 1642 suum
774 1597 929 1664 superare
951 1576 1082 1664 poterit,
1104 1577 1173 1644 aito
1202 1575 1376 1641 dimittent
1406 1580 1473 1639 ter·-

250 1670 383 1789 ffl‘ss'
421 1688 437 1716 “
460 1701 531 1746 ram
546 1683 693 1745 nostram
717 1677 759 1745 ad
783 1680 918 1767 propria
931 1680 1127 1767 repedantes
1142 1677 1257 1766 [nee]³
1272 1679 1398 1744 malum
1419 1678 1473 1743 in·

250 1754 389 1857 anserinus
418 1789 436 1818 “
459 1781 566 1848 ferent
587 1781 718 1860 nostris,
735 1787 769 1846 et
792 1803 931 1868 regnum
957 1782 1089 1868 Angliae
1117 1789 1152 1847 et
1174 1782 1325 1868 quietum
1348 1781 1413 1846 erit
1436 1781 1472 1844 in

249 1872 406 1925 mmm·
419 1893 435 1921 “
458 1887 655 1970 perpetuum
671 1881 825 1970 deinceps
840 1883 883 1948 ab
899 1884 990 1949 omni
1013 1883 1132 1949 olamio
1147 1883 1320 1949 Danorum
1343 1888 1379 1949 et
1387 1882 1471 1970 jugo

418 1995 438 2028 “
460 1985 634 2052 servitutis
668 1985 803 2071 penitus
826 1984 974 2051 solutum
997 1985 1095 2052 dese
1118 1991 1153 2051 et
1183 1984 1371 2052 haeredibus
1393 1984 1474 2056 suis.

420 2099 435 2126 ¹‘
459 2089 505 2154 Et
526 2089 642 2156 iouireo
673 2109 828 2176 rogamus
850 2076 910 2154 vos
942 2079 1002 2176 pro
1023 2109 1135 2155 amore
1156 2087 1239 2154 Jesu
1262 2087 1387 2154 Christi
1410 2086 1475 2153 sal-

418 2204 437 2232 “
459 2194 585 2261 vetoris
607 2193 713 2260 nostri
736 2194 894 2280 quatinus
917 2195 1089 2282 negotium
1111 2195 1212 2281 hujus
1231 2191 1475 2280 [luctaminis]⁴

418 2305 436 2336 ‘¹
459 2299 496 2364 in
519 2297 700 2364 remedium
716 2297 864 2364 omnium
879 2298 1077 2366 delictorum
1101 2303 1287 2364 vestrorum
1308 2295 1474 2383 suscipere

417 2411 436 2442 “
462 2400 605 2469 eoelesiae
626 2400 681 2466 dei
703 2405 737 2466 et
753 2398 953 2467 Christiana
978 2399 1146 2488 religionis
1161 2421 1260 2467 eausa
1281 2403 1397 2466 eontra
1417 2419 1473 2463 ne·

418 2513 437 2546 ‘¹
461 2503 631 2592 phandum
648 2523 813 2590 paganum
825 2503 988 2570 Affrioum
1000 2523 1075 2569 oum
1088 2501 1235 2588 [eordeP
1249 2501 1387 2567 firmiori
1402 2500 1474 2586 dig-

459 2605 612 2672 nemini.''
660 2605 843 2691 Respondit
866 2605 1055 2692 palmerius,
1072 2603 1246 2672 “Domine
1269 2625 1328 2670 rex
1350 2602 1475 2669 intueri

418 2718 436 2748 ‘⁸
459 2709 598 2797 potestis
621 2729 673 2773 me
689 2729 756 2774 non
772 2707 843 2774 fore
866 2707 1064 2794 dispositum
1087 2707 1154 2774 tale
1176 2711 1342 2774 certamen
1364 2705 1474 2772 subire

419 2819 435 2848 “
458 2832 533 2878 oum
557 2811 620 2876 sim
642 2809 742 2877 homo
763 2810 877 2889 lessus,
901 2809 1029 2890 debilis,
1049 2809 1245 2876 macilentus
1260 2815 1294 2875 et
1317 2809 1475 2874 diuturno

418 2921 438 2954 “
461 2913 573 2980 labora
604 2913 802 2980 tabefactus.
849 2911 915 2977 Sed
946 2913 1079 2978 domine
1113 2912 1161 2976 mi
1192 2934 1252 2978 rex
1285 2909 1344 2976 ubi
1378 2909 1475 2976 modo

420 3025 435 3052 “
459 3022 539 3083 sunt
559 3015 684 3082 milites
706 3015 810 3081 vestri
834 3012 916 3080 olim
946 3018 1016 3079 tam
1046 3015 1176 3080 strenui
1210 3036 1292 3101 quos
1314 3034 1406 3080 caros
1439 3012 1475 3076 in

419 3116 649 3205 “hujusmodi
672 3117 850 3182 oertomine
872 3116 994 3183 habere
1017 3117 1219 3182 solebatis2”
1254 3115 1339 3181 “Ah
1360 3114 1475 3193 oerte,”

250 3225 384 3280 athelstan
419 3221 508 3286 dixit
549 3241 631 3309 frex,
677 3227 694 3255 ‘¹
706 3219 842 3305 quidam
880 3239 993 3285 eorum
1038 3219 1161 3284 mortui
1205 3223 1294 3296 sunt,
1340 3218 1475 3304 quidam

250 3295 358 3411 {ffinb‘f
420 3332 436 3359 ‘¹
460 3328 582 3390 terram
620 3327 769 3388 sanctam
807 3321 964 3386 adierunt
993 3321 1135 3387 neudum
1172 3321 1352 3386 redierunt.
1410 3320 1477 3385 Sed

252 3426 368 3478 mos
419 3433 438 3462 “
461 3447 565 3490 unum
603 3423 745 3490 militem
775 3421 878 3489 hebui
913 3423 971 3510 qui
1003 3422 1071 3488 fuit
1104 3443 1212 3488 eomes
1235 3419 1456 3508 Warwyehiae
1468 3443 1476 3500 ;

251 3493 389 3612 3232,
421 3537 439 3566 «ι
463 3527 581 3595 owido
615 3527 757 3605 nomine,
781 3531 815 3592 et
847 3525 912 3591 ise
935 3524 1033 3612 syro
1065 3523 1187 3591 haunt
1208 3545 1313 3590 unum
1335 3523 1476 3589 murem

421 3635 438 3668 “
461 3629 657 3697 Herandum
695 3628 838 3707 nomine,
876 3629 918 3693 de
956 3625 1100 3705 Ardena,
1139 3626 1242 3694 vellet
1273 3627 1354 3693 deus
1387 3625 1477 3712 quod

420 3744 438 3772 “
456 3735 527 3822 jam
559 3733 596 3798 in
629 3733 785 3820 praesenti
817 3729 892 3796 illos
924 3729 1089 3810 haberem,
1122 3751 1201 3796 nam
1235 3730 1302 3797 eito
1328 3727 1475 3795 duellum

420 3845 440 3877 “
463 3837 693 3924 susciperetur,
726 3840 761 3902 et
783 3833 870 3900 infra
904 3833 999 3899 brevi
1020 3853 1140 3921 guerra
1162 3832 1288 3898 finita''
1334 3831 1476 3899 Etcum

421 3959 480 4008 rex
509 3939 664 4026 coepisset
693 3935 784 4024 loqui
807 3934 848 4001 de
872 3933 1012 4022 Gydone
1042 3939 1077 4000 et
1108 3934 1179 4022 ejus
1201 3934 1289 4002 socio
1318 3933 1476 4000 Herando

455 4219 612 4281 ¹Goianur,
634 4221 684 4280 A·;
716 4217 817 4270 Olouur
839 4217 862 4270 ir
884 4233 923 4269 re·
972 4215 1037 4268 laur
1053 4215 1123 4268 hund
1133 4216 1245 4269 between
1256 4217 1300 4269 the
1316 4217 1389 4271 linea.
1422 4219 1475 4272 But

420 4301 512 4366 peated
523 4299 549 4350 iu
560 4297 618 4352 MS.
973 4298 1032 4350 MS.
1049 4299 1096 4350 hm
1115 4314 1184 4351 some
1203 4302 1303 4352 stroker
1325 4301 1410 4354 which
1430 4318 1474 4355 aro

455 4379 577 4441 'rubeat
588 4377 656 4430 lrom
667 4377 701 4428 A.
736 4377 814 4428 Inest
825 4378 852 4429 in
864 4377 922 4429 Ms.
973 4379 1104 4435 indistiuet
1120 4384 1172 4434 und
1190 4399 1250 4449 may
1269 4385 1335 4437 hare
1353 4387 1418 4438 been
1435 4387 1475 4438 in·

419 4461 534 4512 between
552 4459 596 4512 tha
619 4456 683 4510 lines
702 4457 755 4510 and
771 4457 798 4509 in
821 4474 837 4509 a
858 4457 923 4510 later
973 4462 1068 4512 tended
1084 4461 1126 4513 for
1147 4461 1301 4518 luctaminis.
1342 4466 1414 4533 They
1432 4483 1475 4520 are

419 4539 497 4590 hand.
974 4540 1069 4606 utterly
1078 4540 1197 4610 illegible

453 4617 597 4671 ³1nserud
608 4633 642 4670 on
653 4615 752 4688 margin
764 4617 792 4670 ot
802 4617 859 4671 MS.
1006 4619 1111 4671 ‘From
1123 4623 1156 4672 Δ.
1189 4623 1307 4678 Inserted
1323 4625 1350 4678 iu
1368 4627 1475 4696 Msny

452 4697 556 4750 ⁴me
568 4697 602 4748 Α.
637 4699 668 4749 lu
687 4696 746 4752 MS.
764 4697 846 4751 added
862 4697 924 4750 ina
972 4699 1150 4752 aloterlrand.
1343 4693 1346 4696 ’
