3625 5784
419 881 461 942 48
776 893 923 944 assaltu
947 893 1140 944 mensos.

418 1092 557 1162 Angliam
580 1089 676 1146 rediit.
723 1089 781 1146 Sed
804 1091 894 1146 frater
917 1108 987 1146 suus
1008 1090 1157 1148 Wilnotus
1179 1089 1212 1144 in
1234 1089 1369 1145 custodis
1390 1089 1468 1146 Wil-

419 1181 500 1237 lelmi
522 1181 610 1237 etiam
633 1179 818 1252 postmodum
840 1197 907 1236 oum
938 1184 1074 1251 regnaret
1098 1179 1300 1252 supermansit
1349 1180 1467 1236 Tostius

420 1271 451 1325 in
474 1271 555 1326 curia
586 1269 664 1340 regis
686 1269 821 1326 Edwardi
844 1270 923 1343 apud
945 1258 1193 1325 Windeshoram¹
1220 1269 1398 1326 amaricatus
1421 1269 1466 1323 in-

420 1360 575 1431 dignanter
611 1359 730 1415 accessit
766 1377 858 1432 usque
897 1359 1094 1426 Herrordiam,
1132 1357 1185 1414 ubi
1215 1359 1364 1416 Haraldus
1397 1376 1465 1414 eon-

419 1449 532 1506 vivium
553 1449 650 1520 regale
683 1449 747 1520 regi
779 1454 941 1521 paraverat,
975 1448 1126 1504 ministros
1157 1448 1256 1505 botris
1279 1448 1465 1514 detruncans,

418 1540 548 1594 membra
578 1538 696 1594 illorum
727 1537 759 1592 in
791 1538 903 1610 poculis
925 1538 1052 1593 conditis
1082 1537 1191 1611 posuit,
1226 1537 1369 1594 mandans
1401 1537 1466 1608 regi

419 1629 497 1699 qnod
534 1627 558 1684 si
592 1628 630 1682 ad
663 1628 778 1682 firmam
810 1645 892 1684 suam
924 1627 1024 1683 venire
1056 1629 1147 1684 vellet
1179 1628 1259 1684 cibos
1292 1628 1467 1706 sufficienter

420 1719 540 1774 salsatos
578 1717 731 1775 inveniret.
792 1717 855 1786 Quo
892 1716 993 1772 audito
1031 1716 1295 1774 Nerthumbrenses
1333 1716 1466 1772 Tostium

420 1807 523 1863 ducem
546 1824 631 1862 snum
654 1805 831 1877 abjecerunt,
859 1805 1010 1861 ministros
1040 1803 1104 1876 ejus
1127 1806 1307 1873 occiderunt,
1330 1806 1467 1862 {amrium

420 1895 482 1966 ejus
506 1897 665 1968 fregerunt,
690 1901 719 1951 ot
742 1913 833 1967 nsque
868 1895 899 1950 in
934 1895 1103 1950 Flandrinrn
1126 1896 1228 1968 fugere
1251 1897 1467 1967 compulerunt.

421 1985 479 2040 Sed
501 2003 551 2041 rex
576 1986 640 2041 haec
663 1984 784 2040 audiens
807 1983 888 2039 misit
921 1983 1085 2040 Harsldum
1108 1990 1143 2040 ut
1175 1985 1274 2041 framis
1304 1985 1466 2041 vindicaret

420 2073 566 2144 injuriam.
622 2075 686 2130 Illis
717 2078 816 2130 autem
854 2073 1049 2144 allegantibus
1082 2092 1113 2130 se
1150 2074 1241 2130 libere
1273 2075 1334 2130 fore
1370 2078 1466 2140 natos,

420 2163 510 2220 libere
533 2164 668 2220 educatos
691 2163 827 2220 ferociam
850 2163 958 2218 ducum
973 2163 1048 2218 ferre
1070 2182 1131 2220 non
1153 2181 1257 2236 posse:
1284 2163 1467 2236 quinetiam

420 2271 438 2308 a
474 2251 632 2324 majoribus
670 2254 729 2309 suis
763 2252 899 2309 didicisse
937 2252 1101 2309 libertatem
1133 2254 1226 2310 aelam
1259 2253 1307 2309 vel
1343 2255 1468 2308 mortem

421 2342 527 2408 subire,
552 2343 677 2414 denique
701 2344 755 2398 sub
777 2343 837 2398 leni
862 2341 936 2398 duce
968 2342 1074 2398 leniter
1102 2342 1328 2414 subtempemre
1360 2342 1466 2397 Haral·

420 2432 475 2486 dus
505 2431 642 2503 judicans
674 2432 835 2488 consultius
867 2431 929 2487 fore
966 2432 1070 2503 pstriae
1104 2432 1136 2486 in
1173 2431 1341 2502 hujusmodi
1372 2432 1469 2488 farere

421 2538 509 2594 quam
540 2523 687 2594 privatum
710 2521 894 2578 commodum
928 2520 1028 2576 framis
1060 2521 1108 2577 sui
1139 2521 1299 2588 attendere,
1333 2526 1468 2578 revocato

420 2611 549 2668 exercitu
580 2629 681 2682 regem
714 2610 797 2680 adiit,
833 2610 1057 2684 procuraritque
1087 2607 1272 2668 Malcherum
1305 2609 1366 2666 illis
1403 2609 1467 2666 dari

420 2701 564 2758 comitem
619 2700 688 2758 Hiis
725 2699 860 2756 omnibus
896 2699 1013 2756 Tostius
1050 2700 1180 2756 infensus
1214 2717 1282 2756 cum
1316 2717 1405 2756 uxore
1437 2703 1469 2756 et

420 2789 518 2846 liberis
551 2789 720 2846 Flsndriam
743 2789 817 2847 adiit
847 2807 940 2862 usque
972 2789 1010 2844 sd
1032 2795 1157 2846 mortem
1190 2790 1278 2862 regis.
1323 2789 1386 2845 Rex
1408 2789 1469 2846 Ed·

420 2879 534 2936 wurdus
571 2881 674 2938 sedens
719 2879 757 2936 ad
800 2897 931 2936 mensam
968 2879 1062 2951 apud.
1092 2879 1383 2936 westmonasterium
1420 2879 1468 2936 die

420 2969 539 3026 Pascha
562 2969 627 3026 aliis
649 2968 867 3027 comedentibus
897 2969 960 3042 ipse
981 2967 1080 3024 animo
1102 2986 1259 3041 suspensus
1280 2970 1358 3026 inter
1380 2969 1469 3043 dapes

419 3057 492 3115 risit.
539 3059 741 3130 Interrogatus
773 3063 839 3132 post
869 3056 1028 3130 prandium
1061 3057 1093 3112 in
1123 3057 1254 3116 triclinio
1276 3077 1330 3131 cur
1358 3058 1467 3126 riserit,

419 3149 578 3220 respondit,
604 3151 622 3176 ‘¹
636 3149 711 3219 Quis
743 3153 854 3220 septem
888 3146 1065 3204 dormientes
1095 3147 1127 3202 in
1160 3152 1260 3205 monte
1283 3148 1364 3206 Gelio
1382 3147 1470 3220 juxa

419 3238 439 3263 “
463 3239 610 3310 Ephesum
625 3238 657 3292 in
672 3235 743 3294 Asia
757 3236 869 3292 minore
884 3236 936 3308 qui
952 3234 1016 3308 jam
1039 3253 1091 3308 per
1111 3236 1311 3310 septingentos
1330 3255 1423 3294 mnes
1438 3237 1470 3294 in

419 3327 436 3352 ‘⁸
461 3327 550 3382 lutere
573 3327 673 3382 dextm
697 3325 880 3400 quieverunt,
896 3326 969 3382 hera
983 3326 1060 3382 risus
1082 3326 1139 3384 mei
1162 3325 1195 3382 in
1217 3327 1294 3382 latus
1316 3327 1468 3384 sinistrum

420 3417 439 3440 “
463 3433 494 3472 se
527 3420 685 3472 verterunt.
731 3416 770 3472 Et
801 3415 934 3472 futurum
969 3420 1014 3472 est
1046 3421 1081 3472 ut
1102 3414 1145 3472 sic
1166 3416 1200 3471 in
1225 3416 1345 3474 sinistro
1379 3418 1469 3473 letare

420 3505 438 3530 “
458 3503 577 3576 jaceant
599 3523 651 3578 per
685 3505 771 3562 lxxiv.
795 3523 895 3562 annos.
951 3504 1014 3575 Quo
1046 3505 1078 3560 in
1108 3512 1239 3579 tempore
1263 3507 1359 3562 reniet
1393 3505 1470 3562 illud

420 3595 438 3620 ‘⁶
464 3595 569 3650 durum
593 3595 763 3652 mortalibus
785 3612 870 3651 omen
893 3594 971 3667 quod
993 3593 1128 3652 dominus
1154 3595 1186 3649 in
1215 3595 1369 3668 evaugelio
1391 3613 1470 3652 com·

420 3685 438 3710 “
463 3684 591 3740 minatus
614 3690 667 3750 est,
692 3684 800 3754 Surget
822 3701 893 3756 gens
915 3689 1017 3740 cona-a
1041 3689 1168 3756 gentem,
1183 3689 1239 3742 eto.
1284 3685 1361 3756 Quia
1384 3685 1468 3741 Sara·

421 3774 439 3798 “
464 3775 528 3829 ceni
551 3774 705 3845 insurgent
727 3780 828 3830 contre
854 3774 1045 3841 Christianos,
1068 3779 1137 3830 ste
1167 3766 1297 3832 conba.’'
1342 3775 1382 3830 Et
1404 3774 1469 3830 istis

419 3861 527 3933 adjecit
558 3881 609 3918 rex
644 3863 830 3920 habitudines
852 3881 1005 3936 corporum
1040 3863 1072 3918 in
1103 3868 1216 3936 septem
1245 3863 1467 3931 dormientibus,

420 3952 497 4024 quod
519 3953 602 4008 nulla
624 3953 683 4008 alia
704 3952 808 4024 pandit
831 3951 925 4009 litera.
970 3953 1116 4008 Miserunt
1137 3953 1218 4010 illico
1239 3952 1368 4010 ministri
1389 3953 1469 4026 regis

419 4041 541 4098 nuncios
556 4043 634 4113 apud
650 4031 808 4099 Visetum2
826 4041 1183 4116 Constantinopolianum
1205 4043 1409 4116 imperatorem
1431 4043 1470 4099 ad

419 4129 628 4203 explorandum
652 4129 740 4203 hujus
762 4131 836 4187 dicti
858 4132 1020 4188 veritatem.
1066 4131 1144 4201 Quos
1167 4132 1218 4188 ille
1239 4132 1288 4204 pie
1310 4132 1470 4189 admittens

420 4221 544 4276 ulterius
582 4221 746 4277 mansmisit
781 4221 820 4276 sd
857 4221 1025 4293 episcopum
1064 4221 1245 4293 Ephesinum
1277 4227 1315 4277 ut
1351 4221 1469 4278 nunciis

419 4308 584 4381 Anglorum
617 4311 729 4368 exuvies
760 4309 810 4382 vij.
835 4310 1044 4366 dormientium
1067 4311 1298 4367 ostenderentur.
1344 4310 1416 4380 Quae
1440 4315 1470 4367 et

419 4399 461 4454 ita
483 4399 604 4457 inventa
627 4405 697 4457 sunt
718 4405 753 4454 ut
774 4417 826 4456 rex
848 4399 994 4471 previdit.

449 4591 457 4625 ¹
481 4591 682 4655 mediatorum,
693 4595 726 4644 A.
931 4594 937 4658 Ι
984 4591 995 4626 ²
1012 4591 1143 4652 Nicotaus,
1156 4591 1234 4660 Higd.
