3625 5784
255 1947 336 2012 Twys.
350 1950 398 2001 ool.

253 2018 327 2068 2⁴07.

691 871 967 927 usrousrssasm
991 871 1205 928 csacsrcos.
1412 864 1477 933 165

425 1071 463 1127 Et
486 1071 603 1130 Gsdeon
638 1075 785 1147 quondam
808 1083 905 1134 amota
936 1075 1127 1133 multitudiue
1149 1094 1202 1150 per
1233 1094 1290 1134 coc.
1312 1078 1391 1135 viros
1425 1077 1478 1151 qui

423 1178 528 1233 aquam
566 1163 751 1222 lambuerant
789 1165 825 1222 de
855 1167 958 1224 multis
1003 1164 1218 1240 triumpharit‘
1250 1167 1294 1224 Ac
1331 1186 1392 1224 nou
1431 1173 1477 1224 est

424 1251 610 1325 temptandus
649 1256 730 1324 dens,
770 1261 804 1312 ut
842 1256 1004 1314 Christiani
1046 1276 1099 1330 pro
1133 1275 1168 1314 eo
1205 1257 1283 1332 quod
1321 1257 1475 1315 dominum

424 1342 531 1398 bonum
556 1349 586 1398 et
608 1351 757 1417 potentem
779 1347 916 1413 habeant,
939 1348 1106 1420 petulanter
1128 1351 1159 1402 et
1181 1347 1347 1403 inconsulte
1368 1353 1473 1404 conus

423 1432 532 1488 multos
563 1434 742 1492 adversarios
776 1437 861 1509 pauci
896 1437 1058 1509 prosiliant.
1095 1437 1156 1512 ,Ite
1187 1437 1267 1492 enim
1300 1436 1367 1493 vult
1404 1437 1475 1495 deus

423 1539 491 1578 suos
512 1523 545 1578 in
567 1542 598 1580 se
621 1525 776 1592 confidere,
799 1531 916 1582 utnon
939 1527 1094 1598 negligant
1116 1526 1275 1600 prudenter
1296 1545 1392 1599 agere.

468 1612 607 1670 Firmutis
646 1615 742 1672 denuo
776 1616 854 1671 inter
887 1635 988 1687 regem
1026 1615 1184 1672 Ricardum
1222 1622 1253 1673 et
1291 1605 1474 1674 soldanum¹

423 1699 549 1758 induciis
583 1705 786 1772 triennalibus,
810 1705 961 1762 Habentur
993 1705 1202 1779 Salisbyreusis
1234 1705 1385 1780 episcopas
1420 1725 1474 1782 pro

423 1809 453 1846 se
475 1797 506 1848 et
529 1811 581 1866 pro
614 1812 684 1866 rege
706 1800 841 1852 sanctmu
875 1796 1062 1868 sepulchrum
1094 1795 1178 1864 adiit,
1201 1795 1329 1852 hostiam
1361 1793 1473 1862 mbram

422 1880 531 1938 ibidem
569 1884 756 1953 immolavit;
780 1885 848 1942 inde
882 1885 998 1942 rediens
1035 1905 1095 1942 una
1132 1904 1198 1943 cum
1236 1904 1305 1960 rege
1342 1885 1473 1960 Cyprum

423 1972 593 2044 navigavit:
618 1974 686 2032 inde
716 1975 860 2049 praemisit
881 1993 933 2032 rex
964 1975 1036 2032 duas
1057 1976 1185 2048 reginas,
1207 1994 1327 2033 uxorem
1361 1975 1474 2034 scilieet

422 2066 452 2117 st
481 2081 618 2132 sororem,
649 2083 717 2121 oum
750 2065 829 2122 omni
865 2084 940 2139 pene
971 2065 1083 2121 familia
1116 2084 1169 2122 sua
1205 2083 1297 2139 usque
1328 2062 1471 2136 Siciliam,

422 2152 540 2225 ipseque
563 2153 636 2210 lenti
650 2155 748 2228 pelagi
770 2155 928 2230 impatiens
942 2154 1032 2212 feroci
1053 2174 1124 2212 aura
1146 2154 1185 2212 ad
1206 2161 1305 2228 partes
1326 2145 1474 2212 Histrise²

422 2240 499 2298 inter
521 2243 688 2316 Aquileiam
722 2251 752 2302 et
775 2245 932 2304 Venetiam
964 2264 1031 2301 cum
1063 2245 1164 2317 paucis
1186 2245 1324 2319 depulsus
1355 2250 1400 2301 est
1420 2245 1472 2302 ubi

421 2331 632 2407 aliquantisper
662 2336 799 2392 obemaus
830 2340 860 2391 et
891 2335 1022 2401 latitans,
1055 2335 1127 2391 dum
1159 2335 1218 2392 cibi
1249 2335 1386 2392 lautiores
1418 2352 1473 2410 pro

422 2422 473 2478 illo
496 2430 663 2481 emerentur
693 2430 812 2482 notatus
834 2429 888 2492 est,
913 2430 944 2480 et
976 2425 1014 2480 ab
1035 2425 1204 2482 hominibus
1237 2425 1320 2482 ducis
1341 2424 1472 2483 Aueria

422 2511 626 2584 deprehensus.
672 2515 734 2585 Quo
780 2514 942 2588 divulgato,
987 2533 1039 2570 rex
1076 2515 1256 2571 Francorum
1303 2515 1470 2572 Johunnom

421 2603 498 2674 regis
522 2604 642 2660 Ricardi
663 2605 783 2661 fratrem
814 2609 916 2662 contra
937 2621 1036 2676 regem
1059 2603 1218 2660 Ricardum
1250 2603 1337 2660 facile
1358 2604 1470 2662 allexit.

421 2694 630 2764 Imperatorem
661 2695 853 2751 Teutonicum
885 2699 987 2750 contra
1021 2694 1180 2751 Ricardum
1203 2693 1353 2767 captivum
1384 2693 1471 2751 insti·

421 2783 513 2853 gavit,
547 2784 625 2840 unde
656 2790 688 2840 et
710 2785 867 2857 imperator
900 2787 986 2856 pacta
1018 2803 1086 2840 cum
1120 2784 1194 2840 duce
1219 2783 1349 2841 Austriae
1383 2783 1472 2842 tertia

419 2878 500 2946 parte
534 2874 734 2947 provenientis
765 2875 921 2942 commodi,
954 2892 1054 2946 regem
1092 2873 1253 2931 Ricardum
1287 2872 1469 2930 dominicum

418 2963 514 3020 adbuc
537 2964 735 3022 characterem
756 2969 924 3037 portantem
955 2963 988 3019 iu
1010 2954 1118 3020 suam³
1140 2962 1273 3020 traduxit
1294 2962 1468 3032 custodiam

418 3057 449 3109 et
470 3055 570 3127 posuit
592 3072 659 3110 sum
683 3055 716 3110 in
739 3054 886 3120 Trirallis,
910 3053 961 3108 ubi
983 3052 1056 3109 dicit
1079 3052 1262 3121 Aristoteles,
1285 3053 1402 3110 Bonum
1423 3057 1469 3110 est

418 3143 547 3200 occidere
570 3149 692 3218 patrem.
738 3144 831 3214 Quem
854 3143 973 3200 tandem
996 3142 1074 3199 eirca
1096 3143 1273 3200 dominicam
1304 3142 1469 3216 palmarum

418 3250 513 3289 ceram
544 3251 697 3307 procerum
720 3251 839 3290 suorum
862 3232 1053 3289 multitudine
1084 3231 1122 3288 ad
1143 3233 1378 3306 respondendum
1400 3251 1468 3306 pro·

418 3323 511 3380 duxit.
556 3324 612 3380 Ille
634 3342 703 3381 rero
726 3324 814 3380 hilari
836 3324 929 3380 fretus
960 3323 1138 3379 conscientia
1160 3323 1203 3378 itu
1225 3321 1338 3395 objecta
1368 3322 1468 3390 diluit,

417 3417 452 3467 ut
482 3415 640 3487 imperator
673 3432 734 3470 non
764 3413 858 3470 solum
891 3413 929 3468 ad
962 3411 1202 3479 misericordiam,
1226 3412 1277 3468 sed
1308 3411 1399 3469 etiam
1432 3411 1470 3468 od

417 3504 609 3560 reverentiam
632 3505 804 3560 flecteretur.

461 3594 616 3651 Venerunt
637 3599 709 3650 tune
724 3594 762 3650 ad
782 3610 882 3664 regem
898 3592 941 3648 sic
963 3591 1115 3649 detentum
1130 3591 1297 3650 Willelmus
1319 3591 1468 3648 Helieusis

417 3684 569 3757 opiscopus
591 3689 709 3757 proptor
724 3683 881 3739 insolentes
903 3699 998 3738 mores
1022 3699 1088 3738 suos
1110 3683 1146 3738 ab
1161 3681 1273 3754 Augila
1291 3680 1468 3754 jampridem

417 3779 561 3843 extrusus,
585 3781 618 3828 ut
650 3774 728 3845 regis
751 3773 828 3828 circa
862 3791 892 3828 se
915 3773 1048 3828 animum
1070 3772 1253 3844 exploraret3
1279 3789 1366 3845 quem
1399 3787 1468 3827 curn

417 3864 597 3920 adumbratae
643 3863 806 3922 devotionis
851 3862 1012 3935 prestigiis
1055 3879 1116 3918 non
1161 3866 1260 3934 posset
1317 3860 1467 3928 deludere,

417 3953 567 4026 desperata
604 3953 700 4025 gratia
734 3953 784 4010 sed
816 3954 977 4009 cauteriata
1014 3952 1172 4008 eomitante
1211 3951 1391 4008 conscientia
1428 3949 1468 4007 ad

417 4043 571 4100 Franciam
601 4043 698 4101 rediit.
745 4043 802 4100 Sed
824 4046 855 4099 et
877 4043 1028 4099 H‘ubertus
1060 4040 1282 4098 Salisburiensis
1305 4040 1342 4096 de
1365 4037 1469 4096 Sicilia

417 4133 454 4189 ad
476 4152 575 4206 regern
606 4132 726 4190 veniens
750 4151 803 4206 pro
836 4131 998 4188 necessaria
1019 4129 1180 4201 Anglicani
1210 4131 1295 4201 regni
1330 4147 1411 4198 cura,
1433 4146 1469 4184 ae

417 4223 507 4280 etiam
549 4242 601 4296 pro
646 4223 820 4280 maturando
868 4222 958 4294 regius
1003 4218 1213 4292 redemptionis
1259 4218 1390 4290 negotio,
1436 4217 1469 4273 in

417 4313 558 4384 Angliam
596 4313 724 4370 directus
758 4318 812 4380 est,
851 4312 903 4367 nbi
934 4311 1093 4368 adveniens
1124 4307 1307 4366 concorditer
1338 4327 1357 4364 a
1394 4297 1491 4364 (lan-¹

587 4482 699 4490 .--—-——

457 4581 738 4646 ¹Suladinam,lligd
973 4571 1245 4642 imperatorumue
1261 4572 1474 4626 samenoteisin

454 4663 602 4724 2Ηὶιὶνίω,
614 4662 709 4726 ngd3
729 4657 851 4720 Amtrioe,
864 4658 922 4710 MS.
972 4656 1035 4706 both
1057 4654 1178 4720 repeated
1204 4653 1347 4721 (strongly)
1369 4667 1406 4705 ou
1429 4653 1474 4705 the

453 4741 550 4792 ’Here
569 4757 601 4792 on
624 4741 666 4790 the
686 4737 786 4804 margin
809 4737 838 4787 ol
859 4736 923 4786 both
973 4750 1041 4787 nme
1052 4749 1126 4802 page.

420 4821 497 4873 Mss.
521 4819 553 4883 is,
572 4819 628 4870 Rea
652 4817 784 4872 Ricardus
804 4813 922 4868 redditur
