3625 5784
626 881 895 932 concremarem
918 881 1127 930 cssomcon.
1352 868 1394 936 73

341 1084 418 1157 quod
455 1101 515 1140 non
552 1087 651 1156 posset
681 1080 813 1155 optinere
835 1079 1048 1138 Normsnniam
1086 1098 1174 1154 quam
1211 1087 1294 1155 pater
1325 1099 1395 1139 suus

339 1173 394 1229 sibi
428 1173 586 1246 aliquando
619 1173 828 1245 assignaverat,
851 1171 962 1227 auxilio
993 1170 1071 1243 regis
1094 1171 1272 1228 Francorum
1304 1173 1395 1228 fretus

281 1265 285 1270 ’
338 1265 446 1318 multas
468 1262 582 1335 medas
617 1262 649 1318 in
671 1260 854 1324 Normaunia
885 1265 916 1316 ot
945 1261 1023 1334 petri
1045 1259 1194 1317 molestias
1217 1261 1329 1328 intulit,
1353 1262 1396 1317 ita

339 1353 416 1424 quod
448 1357 532 1424 pater
563 1350 595 1407 in
629 1351 748 1407 brechio
779 1351 951 1406 vulneretur
982 1355 1012 1406 et
1046 1349 1082 1406 de
1113 1368 1187 1422 equo
1210 1369 1262 1406 suo
1284 1349 1395 1423 ejectus

338 1442 523 1507 exclamaret,
546 1440 630 1512 cujus
651 1458 753 1496 vocem
777 1439 922 1496 Robortm
939 1440 1070 1506 audieus,
1088 1438 1239 1496 descendit
1260 1441 1297 1496 de
1319 1459 1394 1514 equo

340 1548 392 1586 suo
413 1537 445 1586 et
466 1535 580 1603 patrem
601 1530 634 1584 in
656 1547 765 1602 equum
788 1529 905 1585 levarit.
951 1529 1209 1585 Nortbimbrenses
1224 1529 1394 1586 occiderunt

340 1620 508 1676 Walkerum
553 1620 721 1692 episcopum
753 1616 929 1685 Dunelmias,
968 1617 1013 1673 cui
1053 1619 1192 1674 successit
1229 1619 1394 1676 Willolmus

340 1709 485 1782 quondam
508 1709 596 1765 abbas
618 1709 712 1764 sancti
727 1707 855 1764 Karelefi
871 1707 923 1779 qui
937 1709 1094 1763 monachos
1110 1708 1189 1779 opud
1205 1709 1392 1765 Dunelmiam

339 1799 452 1871 primus
489 1798 595 1871 posuit.
656 1798 715 1854 Hic
751 1802 855 1869 potens
892 1798 925 1851 in
970 1797 1076 1863 seculo,
1116 1797 1174 1852 oris
1210 1799 1396 1856 volubilitate

340 1893 482 1961 promtus,
506 1888 543 1943 de
558 1905 617 1960 qua
637 1905 670 1942 re
692 1886 818 1942 confisus
839 1891 938 1958 partes
961 1887 1146 1959 postmodum
1171 1894 1272 1944 contra
1293 1907 1394 1961 regem

340 1978 522 2034 willelmum
556 1977 667 2032 Rufum
703 1975 870 2048 aliqualiter
907 1975 991 2040 fovit,
1030 1976 1108 2032 uude
1145 1981 1175 2032 et
1212 1977 1248 2033 de
1285 1978 1394 2050 anglia

339 2066 455 2138 fugiens
476 2072 543 2139 post
565 2066 637 2122 duos
659 2082 751 2122 annos
773 2065 811 2120 ad
833 2064 930 2122 sedem
953 2083 1036 2120 suam
1059 2064 1157 2132 rediit,
1181 2067 1281 2123 sedulo
1304 2086 1395 2140 agens

339 2160 374 2211 ut
406 2157 564 2228 prutiunm
595 2155 674 2226 regis
707 2155 875 2226 adquireret
905 2171 1054 2221 amorem
1093 2155 1171 2211 ande
1203 2157 1329 2228 contigit
1359 2164 1395 2214 ut

340 2245 418 2316 regis
440 2246 516 2301 valle
550 2251 580 2300 et
610 2245 690 2300 nolle
723 2245 844 2300 omnino
878 2247 1063 2314 sequeretur3
1102 2244 1251 2316 potissima
1288 2248 1320 2302 in
1344 2247 1395 2304 illo

340 2335 462 2390 turbine·
491 2334 542 2406 qui
575 2333 653 2389 inter
682 2350 782 2404 regam
814 2337 845 2388 et
877 2332 1050 2388 Anselmum
1073 2335 1252 2402 versabatur,
1276 2354 1394 2408 sperans

341 2441 392 2496 per
414 2424 469 2480 hoo
491 2429 544 2480 aut
564 2423 643 2494 regis
674 2423 800 2493 gratiam
831 2421 985 2493 adquirere
1016 2429 1068 2478 ant
1091 2423 1123 2478 in
1146 2425 1394 2500 archiepiscopatu

341 2513 511 2579 succedere3
550 2513 601 2568 sed
630 2517 754 2583 utroque
776 2509 886 2567 excidit
898 2526 906 2581 ;
943 2529 1012 2566 nem
1043 2517 1123 2568 moto
1145 2514 1223 2570 iuter
1246 2515 1342 2588 ipsum
1365 2521 1396 2572 et

340 2619 438 2674 regem
461 2601 584 2658 discidio
606 2601 676 2656 dam
699 2601 761 2673 ipse
776 2600 942 2656 Gloverniae
963 2619 1015 2673 pro
1030 2619 1117 2658 causa
1139 2621 1192 2658 ιιιιι
1213 2604 1394 2662 defendenda

342 2691 463 2758 adesset,
496 2692 571 2747 lecto
611 2708 689 2762 teger
726 2689 874 2757 decubuit,
898 2707 956 2762 quo
993 2695 1024 2746 et
1061 2691 1143 2747 obiit.
1189 2692 1248 2748 Hic
1281 2693 1394 2766 primus

340 2780 465 2852 priorem
503 2780 668 2837 Dunelmiae
706 2780 761 2835 hoc
798 2779 910 2850 insigni
948 2780 1073 2836 contulit
1109 2785 1144 2836 ut
1179 2783 1211 2836 in
1246 2787 1308 2838 loto
1342 2783 1394 2840 illo

339 2870 507 2944 episcopatu
530 2869 655 2926 decenus
678 2868 717 2924 sit
738 2874 770 2924 et
790 2867 997 2924 vicedominus
1255 2893 1257 2901 ¹

384 2959 488 3016 (lomes
523 2960 649 3032 Salopiae
672 2959 809 3014 Werinus
840 2957 1004 3014 construxit
1035 2958 1093 3013 duo
1124 2959 1265 3026 coenobia,
1300 2978 1393 3018 unum

340 3048 372 3103 in
406 3049 559 3104 surburbio
591 3048 727 3120 Salopire‚
766 3052 797 3104 et
833 3047 914 3103 aliud
953 3047 1031 3120 apud
1054 3048 1175 3104 Weuloc
1214 3049 1246 3104 in
1285 3051 1394 3107 honoro

341 3142 449 3194 sanctes
472 3138 636 3209 Milburgee.
683 3137 761 3192 Dum
785 3135 904 3208 quidem
940 3142 1042 3207 potens
1069 3137 1182 3193 sederet
1204 3139 1235 3193 in
1259 3139 1394 3197 convivio

341 3233 459 3299 repente
480 3227 718 3283 circumvallatus
750 3231 796 3282 est
826 3244 844 3281 ιι
874 3225 1017 3292 muribus,
1041 3226 1092 3298 qui
1127 3227 1196 3283 licet
1218 3228 1249 3282 in
1273 3231 1393 3301 pelagus

340 3317 429 3372 maris
451 3316 594 3372 adductus
615 3320 701 3381 esset,
723 3315 769 3370 nil
791 3315 818 3370 ei
841 3315 960 3387 profuit.
1017 3316 1094 3372 Num
1118 3335 1214 3372 mures
1236 3319 1393 3376 corticibus

340 3407 484 3463 malorum
527 3410 718 3477 granatorum
762 3403 881 3460 adducti
927 3422 944 3459 a
997 3406 1095 3462 nautis
1140 3406 1391 3480 demergebantur.

340 3494 441 3551 Nichil
479 3494 558 3552 enim
595 3499 726 3550 ereetum
764 3492 898 3549 destituit
936 3493 1007 3550 deus
1044 3495 1173 3566 ingenio,
1206 3516 1261 3553 neo
1299 3499 1392 3554 ullum

164 3587 318 3654 Tuscol.
340 3584 460 3640 noxium
491 3585 555 3640 sine
584 3583 720 3639 remedio.
766 3583 852 3639 Unde
884 3583 973 3638 homo
1006 3583 1056 3640 ille
1088 3584 1194 3641 iterum
1217 3586 1254 3642 ad
1284 3592 1393 3645 terram

164 3659 244 3706 sets.

339 3674 483 3730 adductus
516 3692 534 3729 a
564 3673 696 3729 muribus
730 3672 850 3728 omnino
881 3671 1057 3729 dilaceratus
1088 3679 1140 3730 est.
1187 3675 1269 3732 idem
1301 3678 1394 3733 fertur

340 3763 498 3835 contigisse
518 3762 635 3818 cuidam
656 3760 783 3834 principi
805 3761 935 3817 Poloniae
970 3779 1056 3834 quem
1087 3764 1239 3836 leopardus
1269 3784 1392 3822 momor-

340 3852 430 3908 deret
476 3851 580 3908 Simile
601 3851 691 3907 etiam
722 3851 847 3905 refertur
881 3850 917 3906 de
940 3852 1065 3922 quodam
1089 3853 1221 3926 principe
1237 3855 1287 3927 qui
1310 3857 1392 3914 nulle

340 3947 403 3998 arte
425 3960 456 3998 se
478 3941 615 4014 potuita
637 3939 779 4012 pediculis
801 3957 955 3996 reservare.
1096 3939 1098 3945 '

384 4033 449 4088 Hoc
475 4049 554 4086 anuo
586 4030 664 4086 facta
697 4034 741 4085 est
770 4029 875 4085 seditio
910 4029 1038 4086 uefondu
1069 4029 1147 4086 inter
1181 4033 1338 4090 monachos
1360 4041 1392 4090 et

340 4119 568 4192 ignominiosum
606 4117 740 4174 abbatem
778 4118 940 4174 Glastonies
975 4119 1178 4186 'thurstinum
1218 4139 1306 4194 quem
1340 4140 1390 4180 rox

341 4209 506 4266 Willelmus
528 4208 565 4264 de
586 4207 763 4264 monasterio
786 4207 908 4264 Oadomi
929 4209 1012 4264 nulla
1035 4209 1192 4282 prudentia
1211 4210 1390 4268 instructum

340 4299 435 4355 eidem
466 4299 529 4354 loco
562 4300 740 4370 prrsi'ecerst.
798 4297 855 4367 Qui
887 4296 966 4353 inter
1003 4303 1123 4354 caeteras
1162 4299 1297 4356 stultitiae
1331 4317 1391 4357 sues

339 4387 465 4460 ineptias
486 4387 700 4458 Gregorianum
723 4390 843 4442 cantum
865 4387 898 4441 iu
922 4386 1015 4443 officio
1037 4391 1219 4458 aspernatus,
1234 4389 1392 4446 monachos

254 4550 257 4557 Ι
340 4477 432 4549 coepit
452 4477 623 4548 compellere
644 4481 681 4532 ut
702 4475 846 4533 willelmi
868 4473 1020 4546 cujusdam
1048 4475 1232 4532 Fiscaneusis
1255 4479 1391 4534 monachi

339 4570 459 4622 cantum
490 4571 663 4622 exercerent.
709 4566 768 4622 Res
803 4566 895 4621 etiam
933 4563 1062 4622 ecclesie
1098 4566 1289 4622 lenocinando
1321 4583 1392 4624 con·

340 4655 472 4727 sumpsit
519 4656 624 4711 Severo
646 4654 736 4710 etiam
758 4673 777 4710 a
807 4655 959 4711 monachis
981 4654 1113 4710 ordinem
1146 4655 1253 4726 exegit,
1278 4657 1329 4713 sed
1362 4663 1392 4713 et

338 4745 479 4802 victualia
499 4743 659 4801 restrinxit.
705 4744 785 4801 Hinc
809 4743 876 4800 lites
905 4743 1071 4812 verborum,
1095 4743 1247 4802 discordias
1279 4747 1392 4804 animo·
