3625 5784
407 901 472 968 156
744 914 892 965 nauium
916 911 1100 963 umentes

239 1109 305 1163 M>-
320 1113 394 1160 ¹¹⁸⁹·
407 1107 581 1173 coronatus
614 1107 666 1170 est
696 1123 785 1171 anno
823 1104 941 1190 gratiae
980 1117 1177 1168 Mctxxxlx.
1211 1105 1286 1188 post
1319 1105 1458 1166 mortem

407 1207 513 1294 patris
535 1205 610 1272 sui.¹

455 1319 505 1375 Sic
526 1322 641 1374 mortuo
656 1333 724 1388 rego
742 1315 870 1372 chrico
885 1305 1044 1388 apudque²
1058 1316 1182 1372 Fontem
1198 1315 1322 1371 Ebrurdi
1337 1315 1460 1388 sepulto,
1475 1306 1618 1389 (ticinensis,

409 1407 548 1466 successit
569 1407 648 1463 filius
668 1424 738 1462 suus
753 1405 896 1461 Ricardus
919 1423 970 1477 per
985 1423 1013 1460 x.
1028 1423 1120 1462 anuos
1141 1411 1325 1476 regnaturus.
1371 1403 1462 1476 Cujus
1475 1379 1518 1428 Ιώ·
1527 1381 1549 1427 ⁷·
1557 1391 1579 1426 ⁰·
1588 1381 1627 1426 ²⁵·

409 1515 504 1554 mores
526 1502 556 1554 et
578 1503 661 1553 actus
684 1496 850 1568 Stephanus
873 1493 1091 1550 cantuariensis
1113 1496 1277 1550 luculenter
1299 1495 1460 1567 descripsit.

409 1588 452 1645 At
474 1605 511 1644 na
533 1603 661 1659 praesans
682 1585 805 1640 historia
827 1589 924 1640 careat
946 1583 1082 1654 insigniis
1105 1584 1181 1640 tanti
1204 1585 1295 1649 ducis,
1331 1585 1461 1640 libellum

1475 1466 1618 1534 simun.

1474 1541 1582 1588 82-l06.

412 1677 554 1750 Stephani
586 1675 693 1732 cursim
728 1675 826 1730 studui
862 1673 1008 1729 deflorare.
1070 1675 1132 1729 Rex
1166 1674 1258 1744 igitur
1289 1675 1343 1730 iste
1376 1675 1462 1730 rebus

411 1767 615 1823 transmarinis
637 1769 751 1821 maturo
774 1763 933 1835 dispositis,
957 1762 1097 1834 Angliam
1121 1763 1197 1819 redit
1220 1765 1410 1831 coronandus,
1430 1765 1462 1819 in

413 1856 495 1928 eujus
517 1855 647 1912 adventu
679 1870 807 1909 carceres
837 1853 1015 1910 relaxantur.
1062 1851 1222 1908 Coronatur
1249 1872 1362 1926 quoqne
1386 1854 1464 1909 Lon·

413 1947 509 2002 donias
539 1963 557 2000 a
586 1942 762 2016 Baldewyno
794 1941 999 1998 cantuariensi
1032 1941 1079 2013 iij⁰
1100 1960 1244 1997 nonarum
1276 1943 1462 2016 Septembris.

414 2036 470 2105 Qui
486 2035 548 2090 dics
562 2053 598 2090 ex
620 2033 716 2106 prisea
738 2032 895 2103 gentilium
919 2031 1123 2104 superstitione
1143 2033 1238 2086 malus
1252 2034 1300 2088 vel
1323 2034 1463 2106 Egyptia-

414 2144 464 2181 cus
499 2123 617 2188 dicitur,
651 2127 793 2194 tanquam
830 2121 956 2193 quodam
997 2120 1114 2176 Judaici
1146 2127 1268 2176 eventus
1312 2124 1463 2195 praesagio.

414 2217 492 2272 Nam
514 2213 577 2269 dics
600 2210 650 2267 illa
674 2212 786 2268 Judaeis
808 2209 986 2282 Angligenis
1017 2210 1144 2266 exitialis
1175 2211 1265 2267 fuisse
1295 2211 1464 2270 dinoscitur.

416 2305 619 2361 convenerant
653 2299 691 2357 ad
723 2301 787 2356 haec
818 2299 950 2355 solennia
987 2299 1074 2354 multi
1106 2299 1284 2370 Judaeornm,
1318 2321 1356 2358 na
1392 2303 1466 2358 sorte

415 2394 516 2449 habita
538 2392 591 2447 sub
613 2390 709 2463 priore
731 2408 799 2461 rege
822 2390 947 2445 felicitas
963 2390 1061 2444 minus
1077 2389 1217 2446 arrideret
1239 2391 1281 2446 cis
1304 2392 1358 2447 sub
1383 2411 1465 2448 novo.

416 2484 483 2539 Illis
505 2487 603 2537 tamen
634 2479 787 2535 interdixit
809 2498 860 2534 rex
884 2479 1048 2550 ingressum
1071 2479 1200 2534 ecclesias
1223 2482 1293 2536 dnm
1316 2500 1467 2537 coronare·

416 2577 475 2638 tur,
498 2577 528 2628 et
551 2571 713 2641 ingressum
735 2569 841 2640 palacii
864 2569 935 2624 dum
951 2568 1124 2641 epularetur.
1173 2569 1253 2640 Rege
1276 2575 1374 2626 tamen
1397 2590 1467 2644 epu·

417 2663 497 2718 laute
530 2659 649 2732 quidam
682 2658 701 2714 J
704 2658 851 2713 udmorum
883 2659 962 2712 inter
996 2663 1115 2713 caeteros
1149 2661 1363 2716 tumultuantes
1394 2663 1468 2718 iores

417 2753 513 2822 regias
534 2747 705 2814 introibant,
729 2766 852 2820 quorum
875 2764 952 2801 unus
975 2747 1045 2801 dum
1068 2765 1167 2820 pugna
1189 2753 1359 2821 perentitur,
1384 2752 1470 2806 turba

419 2840 639 2915 indisciplinata
670 2837 789 2893 credens
820 2854 918 2907 regem
951 2836 1023 2891 talia
1044 2838 1206 2904 mandasse,
1231 2839 1321 2910 lignis
1343 2845 1373 2896 et
1395 2841 1470 2913 lupi·

420 2930 505 2986 dibus
521 2930 639 2985 Jndaeos
662 2927 777 2993 cecidit,
800 2931 830 2982 et
853 2926 885 2980 iu
908 2927 1009 2997 iugum
1032 2927 1180 2998 compulit.
1217 2919 1284 2983 Ex³
1300 2929 1354 2985 hoo
1370 2937 1469 3001 gratus

420 3037 520 3076 rumor
550 3023 690 3090 tanquam
722 3016 747 3071 si
769 3034 820 3071 rex
842 3015 1030 3070 exterminari
1064 3015 1182 3072 Judoeos
1213 3016 1347 3087 jussisset
1378 3025 1470 3076 tot-am

421 3109 566 3184 percum't
588 3108 695 3163 urbem.
730 3106 855 3177 Moxque
878 3105 1005 3159 fremens
1021 3105 1146 3177 populns
1167 3106 1267 3162 domos
1290 3109 1341 3163 ubi
1365 3110 1471 3182 trepidi

421 3200 613 3269 confugerant
636 3195 732 3252 Judaai
757 3199 915 3266 oppugnat,
940 3193 1080 3259 incendit,
1106 3194 1331 3268 spoliatusque
1354 3205 1472 3271 propter

422 3288 560 3345 mandata
583 3285 663 3358 regia
686 3283 806 3340 destitit
847 3283 893 3337 Ac
924 3283 993 3338 licet
1015 3283 1196 3339 immensitas
1219 3290 1308 3342 tantm
1331 3288 1422 3342 rabiei
1446 3288 1472 3343 si

424 3377 608 3433 dissimulata
638 3378 669 3430 et
702 3373 797 3428 inulta
828 3373 967 3428 transiret
998 3373 1158 3444 primordia
1191 3376 1280 3445 regias
1313 3376 1472 3448 majestatis

424 3467 591 3536 denigraret
624 3462 794 3536 plurimum,
825 3468 944 3534 proptor
966 3461 1113 3517 infinitam
1136 3469 1235 3518 tamen
1257 3482 1373 3520 reorum
1395 3467 1472 3521 mul·

424 3555 583 3611 titudinem
614 3552 792 3609 dissimulari
825 3551 955 3622 oportuit
993 3550 1069 3622 quod
1102 3551 1246 3609 vindicari
1277 3573 1336 3610 non
1369 3557 1472 3628 potnit.

425 3646 500 3701 Pace
522 3631 643 3699 tamen⁴
665 3646 813 3711 utcunque
837 3639 950 3696 Jndmis
974 3641 1050 3704 datu,
1075 3640 1154 3696 illico
1177 3661 1226 3697 rex
1249 3649 1385 3700 vacantes
1408 3645 1473 3717 dig-

425 3735 533 3790 nitates
548 3732 669 3796 confert,
687 3721 912 3801 frutriqno⁵sno
929 3730 1055 3784 Jolinnni
1081 3738 1186 3801 practer
1210 3733 1239 3786 id
1256 3734 1335 3804 quod
1349 3753 1383 3789 ex
1399 3735 1475 3791 dono

427 3829 548 3897 paterno
570 3821 601 3876 in
625 3819 767 3875 Hibernia
790 3825 820 3874 ct
842 3820 1023 3874 Normannia
1045 3827 1201 3892 receperat,
1219 3822 1382 3893 provincias
1405 3825 1475 3882 Cor-

428 3913 536 3978 nubirc,
560 3909 712 3975 Davonire,
735 3909 955 3981 Notyngamiae,
984 3907 1162 3965 Laneastriae
1186 3912 1318 3967 eontulit.
1367 3915 1424 3970 Sed
1447 3919 1477 3971 et

428 4003 519 4058 liliam
553 3999 668 4056 comitis
702 3998 867 4054 Glosemioe
891 3997 923 4052 in
947 3996 993 4068 iij⁰
1016 3997 1108 4068 gradu
1134 4001 1377 4072 consanguineam
1411 4023 1475 4059 cnm

427 4091 597 4163 integritate
629 4088 742 4160 paterni
773 4087 849 4158 juris
883 4087 1040 4158 copulavit,
1076 4088 1127 4143 sed
1161 4094 1190 4144 et
1224 4089 1339 4147 indulta
1372 4083 1479 4149 iratri⁰

427 4179 586 4238 tetrarchia
619 4176 690 4233 fecit
722 4177 872 4247 ingratum
905 4181 937 4231 et
967 4175 1092 4231 infidum
1115 4176 1204 4232 etium
1228 4180 1338 4236 ambire
1361 4200 1478 4238 monar-

428 4271 534 4328 chiam.
580 4267 675 4340 Regni
699 4283 812 4339 quoqua
842 4265 1075 4338 procurationem
1110 4268 1299 4324 Dunclmensi
1334 4271 1480 4327 commisit

1327 4428 1478 4439 *n-

461 4514 469 4548 ¹
488 4513 541 4580 sui]
557 4510 657 4562 written
668 4507 741 4559 twice
752 4505 779 4557 in
791 4507 826 4556 A.
1014 4507 1025 4541 ⁴
1042 4510 1137 4576 tamen]
1160 4514 1270 4572 tandem,
1282 4513 1361 4582 Higd.

486 4589 618 4658 “Pudiuei
655 4589 732 4652 ²P¹²d2
760 4585 849 4651 llige,
876 4587 928 4635 Μ
1013 4587 1099 4653 ΝΜ]
1121 4603 1230 4654 quoquc,
1243 4592 1322 4659 Higd.

427 4673 454 4724 in
473 4687 544 4723 some
563 4670 639 4720 MSS.
657 4671 682 4718 et
700 4665 723 4716 is
741 4665 825 4715 added
841 4665 927 4715 before
1010 4664 1021 4697 ⁶
1031 4667 1135 4733 fratri]
1157 4669 1264 4720 omitted
1284 4671 1310 4721 in
1322 4688 1393 4724 some
1406 4676 1478 4726 MSS,

427 4751 535 4817 θφῑιῖἲθο
979 4744 1006 4794 oi
1018 4743 1095 4811 lligd.

461 4827 547 4900 Ἐκ]
567 4823 701 4892 unnim
