<?xml version="1.0" encoding="UTF-8"?>
<!DOCTYPE html PUBLIC "-//W3C//DTD XHTML 1.0 Transitional//EN"
    "http://www.w3.org/TR/xhtml1/DTD/xhtml1-transitional.dtd">
<html xmlns="http://www.w3.org/1999/xhtml" xml:lang="en" lang="en">
 <head>
  <title>
</title>
<meta http-equiv="Content-Type" content="text/html;charset=utf-8" />
  <meta name='ocr-system' content='tesseract 3.04.00' />
  <meta name='ocr-capabilities' content='ocr_page ocr_carea ocr_par ocr_line ocrx_word'/>
</head>
<body>
  <div class='ocr_page' id='page_1' title='image "./chroniconhenric00lumbgoog_0074.png"; bbox 0 0 3625 5784; ppageno 0'>
   <div class='ocr_carea' id='block_1_1' title="bbox 639 926 1421 988">
    <p class='ocr_par' dir='ltr' id='par_1_1' title="bbox 639 926 1421 988">
     <span class='ocr_line' id='line_1_1' title="bbox 639 926 1421 988; baseline 0.005 -4"><span class='ocrx_word' id='word_1_1' title='bbox 639 936 911 987; x_wconf 64' lang='lat' dir='ltr'>IAEYOFETBENSIS</span> <span class='ocrx_word' id='word_1_2' title='bbox 933 936 1144 988; x_wconf 69' lang='lat' dir='ltr'>canonicor.</span> <span class='ocrx_word' id='word_1_3' title='bbox 1380 926 1421 988; x_wconf 78' lang='grc'>51</span> 
     </span>
    </p>
   </div>
   <div class='ocr_carea' id='block_1_2' title="bbox 369 1120 1577 1723">
    <p class='ocr_par' dir='ltr' id='par_1_2' title="bbox 370 1120 1424 1210">
     <span class='ocr_line' id='line_1_2' title="bbox 370 1120 1424 1210; baseline 0 -24"><span class='ocrx_word' id='word_1_4' title='bbox 370 1121 451 1186; x_wconf 91' lang='lat' dir='ltr'>citer</span> <span class='ocrx_word' id='word_1_5' title='bbox 470 1120 591 1186; x_wconf 87' lang='lat' dir='ltr'>tenuit.</span> <span class='ocrx_word' id='word_1_6' title='bbox 638 1120 783 1202; x_wconf 77' lang='lat' dir='ltr'><strong>Quidam</strong></span> <span class='ocrx_word' id='word_1_7' title='bbox 805 1126 917 1188; x_wconf 85' lang='lat' dir='ltr'>autem</span> <span class='ocrx_word' id='word_1_8' title='bbox 942 1122 1111 1210; x_wconf 82' lang='lat' dir='ltr'>Edgurum</span> <span class='ocrx_word' id='word_1_9' title='bbox 1134 1120 1293 1209; x_wconf 77' lang='lat' dir='ltr'>Adlyng¹</span> <span class='ocrx_word' id='word_1_10' title='bbox 1317 1122 1424 1187; x_wconf 84' lang='lat' dir='ltr'>tilium</span> 
     </span>
    </p>

    <p class='ocr_par' dir='ltr' id='par_1_3' title="bbox 369 1215 1577 1723">
     <span class='ocr_line' id='line_1_3' title="bbox 372 1215 1577 1313; baseline 0.002 -26"><span class='ocrx_word' id='word_1_11' title='bbox 372 1224 527 1290; x_wconf 83' lang='lat' dir='ltr'>Edwardi</span> <span class='ocrx_word' id='word_1_12' title='bbox 550 1223 613 1288; x_wconf 86' lang='lat' dir='ltr'>filii</span> <span class='ocrx_word' id='word_1_13' title='bbox 637 1224 807 1290; x_wconf 83' lang='lat' dir='ltr'>Edmundi</span> <span class='ocrx_word' id='word_1_14' title='bbox 829 1225 930 1292; x_wconf 87' lang='lat' dir='ltr'>ferrei</span> <span class='ocrx_word' id='word_1_15' title='bbox 952 1225 1068 1292; x_wconf 86' lang='lat' dir='ltr'>lateris</span> <span class='ocrx_word' id='word_1_16' title='bbox 1091 1247 1202 1313; x_wconf 82' lang='lat' dir='ltr'>regem</span> <span class='ocrx_word' id='word_1_17' title='bbox 1224 1225 1424 1292; x_wconf 86' lang='lat' dir='ltr'>constituere</span> <span class='ocrx_word' id='word_1_18' title='bbox 1437 1215 1577 1280; x_wconf 59' lang='lat' dir='ltr'>Am!</span> 
     </span>
     <span class='ocr_line' id='line_1_4' title="bbox 370 1282 1549 1415; baseline 0 -25"><span class='ocrx_word' id='word_1_19' title='bbox 370 1327 599 1404; x_wconf 76' lang='lat' dir='ltr'>moliebantur,</span> <span class='ocrx_word' id='word_1_20' title='bbox 623 1326 680 1393; x_wconf 87' lang='lat' dir='ltr'>sed</span> <span class='ocrx_word' id='word_1_21' title='bbox 704 1327 783 1414; x_wconf 90' lang='lat' dir='ltr'>quia</span> <span class='ocrx_word' id='word_1_22' title='bbox 813 1349 896 1415; x_wconf 90' lang='lat' dir='ltr'>puer</span> <span class='ocrx_word' id='word_1_23' title='bbox 928 1333 1001 1395; x_wconf 89' lang='lat' dir='ltr'>arat</span> <span class='ocrx_word' id='word_1_24' title='bbox 1031 1333 1128 1395; x_wconf 89' lang='lat' dir='ltr'>tauto</span> <span class='ocrx_word' id='word_1_25' title='bbox 1157 1327 1317 1414; x_wconf 85' lang='lat' dir='ltr'>regimine</span> <span class='ocrx_word' id='word_1_26' title='bbox 1347 1282 1549 1415; x_wconf 47' lang='lat' dir='ltr'>inp-‘doffteko</span> 
     </span>
     <span class='ocr_line' id='line_1_5' title="bbox 369 1415 1560 1548; baseline -0.002 -54"><span class='ocrx_word' id='word_1_27' title='bbox 369 1430 501 1510; x_wconf 86' lang='lat' dir='ltr'>doucus,</span> <span class='ocrx_word' id='word_1_28' title='bbox 534 1433 569 1496; x_wconf 90' lang='lat' dir='ltr'>et</span> <span class='ocrx_word' id='word_1_29' title='bbox 599 1431 635 1496; x_wconf 91' lang='lat' dir='ltr'>in</span> <span class='ocrx_word' id='word_1_30' title='bbox 665 1430 765 1496; x_wconf 89' lang='lat' dir='ltr'>bursa</span> <span class='ocrx_word' id='word_1_31' title='bbox 795 1430 905 1496; x_wconf 90' lang='lat' dir='ltr'>minus</span> <span class='ocrx_word' id='word_1_32' title='bbox 936 1429 1085 1509; x_wconf 87' lang='lat' dir='ltr'>refertus,</span> <span class='ocrx_word' id='word_1_33' title='bbox 1117 1429 1284 1496; x_wconf 86' lang='lat' dir='ltr'>Haraldus</span> <span class='ocrx_word' id='word_1_34' title='bbox 1314 1415 1560 1548; x_wconf 41' lang='lat' dir='ltr'>comesffiwss</span> 
     </span>
     <span class='ocr_line' id='line_1_6' title="bbox 369 1520 1507 1611; baseline -0.003 -13"><span class='ocrx_word' id='word_1_35' title='bbox 369 1533 421 1598; x_wconf 93' lang='lat' dir='ltr'>cui</span> <span class='ocrx_word' id='word_1_36' title='bbox 455 1539 527 1598; x_wconf 89' lang='lat' dir='ltr'>erat</span> <span class='ocrx_word' id='word_1_37' title='bbox 559 1554 651 1598; x_wconf 86' lang='lat' dir='ltr'>meus</span> <span class='ocrx_word' id='word_1_38' title='bbox 684 1532 834 1611; x_wconf 75' lang='lat' dir='ltr'><strong>astutior,</strong></span> <span class='ocrx_word' id='word_1_39' title='bbox 867 1554 1025 1600; x_wconf 85' lang='lat' dir='ltr'>crumena</span> <span class='ocrx_word' id='word_1_40' title='bbox 1055 1531 1229 1601; x_wconf 85' lang='lat' dir='ltr'>fecundior</span> <span class='ocrx_word' id='word_1_41' title='bbox 1258 1535 1294 1597; x_wconf 91' lang='lat' dir='ltr'>et</span> <span class='ocrx_word' id='word_1_42' title='bbox 1327 1530 1423 1596; x_wconf 88' lang='lat' dir='ltr'>miles</span> <span class='ocrx_word' id='word_1_43' title='bbox 1500 1520 1507 1541; x_wconf 88' lang='lat'>&#39;</span> 
     </span>
     <span class='ocr_line' id='line_1_7' title="bbox 369 1633 1566 1723; baseline 0 -23"><span class='ocrx_word' id='word_1_44' title='bbox 369 1634 527 1721; x_wconf 90' lang='lat' dir='ltr'>copiosior</span> <span class='ocrx_word' id='word_1_45' title='bbox 561 1640 595 1700; x_wconf 89' lang='lat' dir='ltr'>et</span> <span class='ocrx_word' id='word_1_46' title='bbox 625 1637 754 1722; x_wconf 82' lang='lat' dir='ltr'>pompis</span> <span class='ocrx_word' id='word_1_47' title='bbox 784 1633 957 1723; x_wconf 84' lang='lat' dir='ltr'>gloriosior</span> <span class='ocrx_word' id='word_1_48' title='bbox 986 1634 1122 1702; x_wconf 87' lang='lat' dir='ltr'>sinistro</span> <span class='ocrx_word' id='word_1_49' title='bbox 1146 1635 1255 1702; x_wconf 87' lang='lat' dir='ltr'>omine</span> <span class='ocrx_word' id='word_1_50' title='bbox 1285 1633 1566 1721; x_wconf 72' lang='lat' dir='ltr'>regnumbuttono</span> 
     </span>
    </p>
   </div>
   <div class='ocr_carea' id='block_1_3' title="bbox 368 1715 1555 1824">
    <p class='ocr_par' dir='ltr' id='par_1_4' title="bbox 368 1715 1555 1824">
     <span class='ocr_line' id='line_1_8' title="bbox 368 1715 1555 1824; baseline 0 -20"><span class='ocrx_word' id='word_1_51' title='bbox 368 1737 550 1824; x_wconf 84' lang='lat' dir='ltr'>occupavit</span> <span class='ocrx_word' id='word_1_52' title='bbox 1436 1715 1555 1765; x_wconf 55' lang='lat' dir='ltr'>‘&#39;m‘&#39;</span> 
     </span>
    </p>
   </div>
   <div class='ocr_carea' id='block_1_4' title="bbox 773 2269 1037 2358">
    <p class='ocr_par' dir='ltr' id='par_1_5' title="bbox 773 2269 1037 2358">
     <span class='ocr_line' id='line_1_9' title="bbox 773 2269 1037 2358; baseline -0.004 -21"><span class='ocrx_word' id='word_1_53' title='bbox 773 2270 885 2356; x_wconf 77' lang='lat' dir='ltr'>[csr.</span> <span class='ocrx_word' id='word_1_54' title='bbox 907 2269 1037 2358; x_wconf 71' lang='lat' dir='ltr'>xmp</span> 
     </span>
    </p>
   </div>
   <div class='ocr_carea' id='block_1_5' title="bbox 369 2434 1536 2588">
    <p class='ocr_par' dir='ltr' id='par_1_6' title="bbox 369 2434 1536 2588">
     <span class='ocr_line' id='line_1_10' title="bbox 369 2434 1536 2588; baseline -0.006 -87"><span class='ocrx_word' id='word_1_55' title='bbox 369 2434 452 2588; x_wconf 67' lang='lat' dir='ltr'>lN</span> <span class='ocrx_word' id='word_1_56' title='bbox 466 2456 530 2502; x_wconf 91' lang='lat' dir='ltr'>unc</span> <span class='ocrx_word' id='word_1_57' title='bbox 554 2435 722 2502; x_wconf 88' lang='lat' dir='ltr'>Haraldus</span> <span class='ocrx_word' id='word_1_58' title='bbox 745 2435 788 2503; x_wconf 93' lang='lat' dir='ltr'>ab</span> <span class='ocrx_word' id='word_1_59' title='bbox 803 2435 949 2502; x_wconf 81' lang='lat' dir='ltr'>Aldredo</span> <span class='ocrx_word' id='word_1_60' title='bbox 964 2436 1161 2503; x_wconf 88' lang='lat' dir='ltr'>Eboraceusi</span> <span class='ocrx_word' id='word_1_61' title='bbox 1177 2434 1423 2522; x_wconf 75' lang='lat' dir='ltr'>archiepiscopo</span> <span class='ocrx_word' id='word_1_62' title='bbox 1437 2444 1536 2495; x_wconf 72' lang='lat' dir='ltr'>Hercul</span> 
     </span>
    </p>
   </div>
   <div class='ocr_carea' id='block_1_6' title="bbox 369 2527 1571 2828">
    <p class='ocr_par' dir='ltr' id='par_1_7' title="bbox 369 2527 1571 2828">
     <span class='ocr_line' id='line_1_11' title="bbox 510 2527 1568 2642; baseline 0.003 -40"><span class='ocrx_word' id='word_1_63' title='bbox 510 2543 719 2604; x_wconf 84' lang='lat' dir='ltr'>consecratus</span> <span class='ocrx_word' id='word_1_64' title='bbox 751 2543 810 2606; x_wconf 86' lang='lat' dir='ltr'>est</span> <span class='ocrx_word' id='word_1_65' title='bbox 857 2538 927 2604; x_wconf 88' lang='lat' dir='ltr'>Iste</span> <span class='ocrx_word' id='word_1_66' title='bbox 957 2539 1095 2605; x_wconf 90' lang='lat' dir='ltr'>devenit</span> <span class='ocrx_word' id='word_1_67' title='bbox 1126 2539 1226 2604; x_wconf 89' lang='lat' dir='ltr'>nimis</span> <span class='ocrx_word' id='word_1_68' title='bbox 1258 2538 1366 2604; x_wconf 88' lang='lat' dir='ltr'>elatus</span> <span class='ocrx_word' id='word_1_69' title='bbox 1388 2527 1568 2642; x_wconf 55' lang='lat' dir='ltr'>etssffib5</span> 
     </span>
     <span class='ocr_line' id='line_1_12' title="bbox 369 2638 1564 2729; baseline 0.007 -28"><span class='ocrx_word' id='word_1_70' title='bbox 369 2638 508 2723; x_wconf 84' lang='lat' dir='ltr'>cupidus</span> <span class='ocrx_word' id='word_1_71' title='bbox 524 2640 559 2704; x_wconf 92' lang='lat' dir='ltr'>iu</span> <span class='ocrx_word' id='word_1_72' title='bbox 576 2640 765 2706; x_wconf 78' lang='lat' dir='ltr'>collectione</span> <span class='ocrx_word' id='word_1_73' title='bbox 781 2641 856 2707; x_wconf 88' lang='lat' dir='ltr'>auri</span> <span class='ocrx_word' id='word_1_74' title='bbox 871 2647 906 2707; x_wconf 90' lang='lat' dir='ltr'>et</span> <span class='ocrx_word' id='word_1_75' title='bbox 920 2642 1050 2729; x_wconf 84' lang='lat' dir='ltr'>argenti</span> <span class='ocrx_word' id='word_1_76' title='bbox 1064 2647 1101 2707; x_wconf 86' lang='lat' dir='ltr'>et</span> <span class='ocrx_word' id='word_1_77' title='bbox 1114 2641 1355 2718; x_wconf 83' lang='lat' dir='ltr'>thesaurorum,</span> <span class='ocrx_word' id='word_1_78' title='bbox 1363 2659 1425 2706; x_wconf 91' lang='lat' dir='ltr'>nec</span> <span class='ocrx_word' id='word_1_79' title='bbox 1437 2643 1481 2721; x_wconf 62' lang='grc' dir='ltr'>ΨΘ</span> <span class='ocrx_word' id='word_1_80' title='bbox 1492 2645 1564 2693; x_wconf 68' lang='lat' dir='ltr'>areu-</span> 
     </span>
     <span class='ocr_line' id='line_1_13' title="bbox 370 2710 1571 2828; baseline 0.004 -26"><span class='ocrx_word' id='word_1_81' title='bbox 370 2739 516 2825; x_wconf 89' lang='lat' dir='ltr'>aliquam</span> <span class='ocrx_word' id='word_1_82' title='bbox 539 2761 676 2806; x_wconf 84' lang='lat' dir='ltr'>uxorem</span> <span class='ocrx_word' id='word_1_83' title='bbox 700 2741 818 2810; x_wconf 86' lang='lat' dir='ltr'>ducere</span> <span class='ocrx_word' id='word_1_84' title='bbox 841 2741 959 2820; x_wconf 89' lang='lat' dir='ltr'>voluit,</span> <span class='ocrx_word' id='word_1_85' title='bbox 981 2743 1040 2808; x_wconf 88' lang='lat' dir='ltr'>sed</span> <span class='ocrx_word' id='word_1_86' title='bbox 1070 2742 1105 2806; x_wconf 93' lang='lat' dir='ltr'>vi</span> <span class='ocrx_word' id='word_1_87' title='bbox 1140 2742 1304 2828; x_wconf 79' lang='lat' dir='ltr'>oppressit</span> <span class='ocrx_word' id='word_1_88' title='bbox 1337 2739 1423 2805; x_wconf 85' lang='lat' dir='ltr'>filias</span> <span class='ocrx_word' id='word_1_89' title='bbox 1437 2710 1571 2827; x_wconf 43' lang='lat' dir='ltr'>wem</span> 
     </span>
    </p>
   </div>
   <div class='ocr_carea' id='block_1_7' title="bbox 371 2840 1544 2931">
    <p class='ocr_par' dir='ltr' id='par_1_8' title="bbox 371 2840 1544 2931">
     <span class='ocr_line' id='line_1_14' title="bbox 371 2840 1544 2931; baseline 0.008 -24"><span class='ocrx_word' id='word_1_90' title='bbox 371 2840 530 2908; x_wconf 89' lang='lat' dir='ltr'>baronum</span> <span class='ocrx_word' id='word_1_91' title='bbox 553 2849 588 2910; x_wconf 90' lang='lat' dir='ltr'>et</span> <span class='ocrx_word' id='word_1_92' title='bbox 609 2867 781 2930; x_wconf 90' lang='lat' dir='ltr'>procerum</span> <span class='ocrx_word' id='word_1_93' title='bbox 812 2850 913 2931; x_wconf 91' lang='lat' dir='ltr'>atque</span> <span class='ocrx_word' id='word_1_94' title='bbox 943 2845 1089 2910; x_wconf 88' lang='lat' dir='ltr'>militum</span> <span class='ocrx_word' id='word_1_95' title='bbox 1116 2845 1157 2910; x_wconf 94' lang='lat' dir='ltr'>de</span> <span class='ocrx_word' id='word_1_96' title='bbox 1183 2865 1305 2930; x_wconf 81' lang='lat' dir='ltr'>regn03</span> <span class='ocrx_word' id='word_1_97' title='bbox 1336 2842 1425 2927; x_wconf 90' lang='lat' dir='ltr'>quod</span> <span class='ocrx_word' id='word_1_98' title='bbox 1438 2866 1544 2917; x_wconf 72' lang='lat' dir='ltr'>Anevu</span> 
     </span>
    </p>
   </div>
   <div class='ocr_carea' id='block_1_8' title="bbox 371 2933 1584 3337">
    <p class='ocr_par' dir='ltr' id='par_1_9' title="bbox 371 2933 1584 3244">
     <span class='ocr_line' id='line_1_15' title="bbox 371 2933 1584 3050; baseline 0.003 -45"><span class='ocrx_word' id='word_1_99' title='bbox 371 2941 435 3028; x_wconf 86' lang='lat' dir='ltr'>ipsi</span> <span class='ocrx_word' id='word_1_100' title='bbox 458 2965 543 3031; x_wconf 82' lang='lat' dir='ltr'>aegre</span> <span class='ocrx_word' id='word_1_101' title='bbox 566 2945 724 3012; x_wconf 84' lang='lat' dir='ltr'>ferebant</span> <span class='ocrx_word' id='word_1_102' title='bbox 770 2945 816 3012; x_wconf 85' lang='lat' dir='ltr'>Et</span> <span class='ocrx_word' id='word_1_103' title='bbox 841 2947 882 3013; x_wconf 90' lang='lat' dir='ltr'>de</span> <span class='ocrx_word' id='word_1_104' title='bbox 907 2945 1038 3011; x_wconf 84' lang='lat' dir='ltr'>forestis</span> <span class='ocrx_word' id='word_1_105' title='bbox 1065 2944 1133 3010; x_wconf 90' lang='lat' dir='ltr'>suis</span> <span class='ocrx_word' id='word_1_106' title='bbox 1156 2949 1286 3009; x_wconf 88' lang='lat' dir='ltr'>tautam</span> <span class='ocrx_word' id='word_1_107' title='bbox 1308 2933 1584 3050; x_wconf 56' lang='lat' dir='ltr'>feroci-⁰}¹⁸1{:f‘⁰¹{L</span> 
     </span>
     <span class='ocr_line' id='line_1_16' title="bbox 373 3015 1549 3136; baseline 0 -26"><span class='ocrx_word' id='word_1_108' title='bbox 373 3049 475 3110; x_wconf 84' lang='lat' dir='ltr'>tatem</span> <span class='ocrx_word' id='word_1_109' title='bbox 503 3051 537 3112; x_wconf 91' lang='lat' dir='ltr'>et</span> <span class='ocrx_word' id='word_1_110' title='bbox 561 3048 772 3114; x_wconf 88' lang='lat' dir='ltr'>severitatem</span> <span class='ocrx_word' id='word_1_111' title='bbox 797 3068 875 3136; x_wconf 85' lang='lat' dir='ltr'>erga</span> <span class='ocrx_word' id='word_1_112' title='bbox 904 3047 1094 3133; x_wconf 84' lang='lat' dir='ltr'>adjacentes</span> <span class='ocrx_word' id='word_1_113' title='bbox 1123 3045 1301 3111; x_wconf 82' lang='lat' dir='ltr'>nobiliores</span> <span class='ocrx_word' id='word_1_114' title='bbox 1332 3016 1455 3110; x_wconf 84' lang='lat' dir='ltr'>exer-⁰</span> <span class='ocrx_word' id='word_1_115' title='bbox 1520 3015 1549 3049; x_wconf 60' lang='lat'>¹⁰</span> 
     </span>
     <span class='ocr_line' id='line_1_17' title="bbox 373 3145 1427 3237; baseline 0 -26"><span class='ocrx_word' id='word_1_116' title='bbox 373 3146 442 3212; x_wconf 90' lang='lat' dir='ltr'>cuit</span> <span class='ocrx_word' id='word_1_117' title='bbox 465 3148 553 3234; x_wconf 89' lang='lat' dir='ltr'>quod</span> <span class='ocrx_word' id='word_1_118' title='bbox 577 3150 790 3237; x_wconf 79' lang='lat' dir='ltr'>quamplures</span> <span class='ocrx_word' id='word_1_119' title='bbox 812 3147 1034 3216; x_wconf 74' lang='lat' dir='ltr'>adnichilavit</span> <span class='ocrx_word' id='word_1_120' title='bbox 1056 3153 1092 3215; x_wconf 91' lang='lat' dir='ltr'>ct</span> <span class='ocrx_word' id='word_1_121' title='bbox 1113 3147 1237 3214; x_wconf 89' lang='lat' dir='ltr'>multos</span> <span class='ocrx_word' id='word_1_122' title='bbox 1260 3145 1427 3233; x_wconf 88' lang='lat' dir='ltr'>depaupe-</span> 
     </span>
    </p>

    <p class='ocr_par' dir='ltr' id='par_1_10' title="bbox 372 3248 1426 3337">
     <span class='ocr_line' id='line_1_18' title="bbox 372 3248 1426 3337; baseline -0.002 -23"><span class='ocrx_word' id='word_1_123' title='bbox 372 3249 468 3316; x_wconf 86' lang='lat' dir='ltr'>ravit.</span> <span class='ocrx_word' id='word_1_124' title='bbox 522 3250 595 3318; x_wconf 89' lang='lat' dir='ltr'>Nec</span> <span class='ocrx_word' id='word_1_125' title='bbox 617 3251 747 3329; x_wconf 90' lang='lat' dir='ltr'>mirum,</span> <span class='ocrx_word' id='word_1_126' title='bbox 770 3251 925 3337; x_wconf 85' lang='lat' dir='ltr'>quamvis</span> <span class='ocrx_word' id='word_1_127' title='bbox 947 3273 990 3317; x_wconf 85' lang='lat' dir='ltr'>ex</span> <span class='ocrx_word' id='word_1_128' title='bbox 1012 3251 1078 3316; x_wconf 88' lang='lat' dir='ltr'>hiis</span> <span class='ocrx_word' id='word_1_129' title='bbox 1101 3256 1136 3317; x_wconf 88' lang='lat' dir='ltr'>et</span> <span class='ocrx_word' id='word_1_130' title='bbox 1159 3272 1202 3316; x_wconf 80' lang='lat' dir='ltr'>cx</span> <span class='ocrx_word' id='word_1_131' title='bbox 1225 3249 1301 3315; x_wconf 85' lang='lat' dir='ltr'>aliia</span> <span class='ocrx_word' id='word_1_132' title='bbox 1326 3248 1426 3313; x_wconf 89' lang='lat' dir='ltr'>nimis</span> 
     </span>
    </p>
   </div>
   <div class='ocr_carea' id='block_1_9' title="bbox 373 3351 1576 3440">
    <p class='ocr_par' dir='ltr' id='par_1_11' title="bbox 373 3351 1576 3440">
     <span class='ocr_line' id='line_1_19' title="bbox 373 3351 1576 3440; baseline -0.001 -26"><span class='ocrx_word' id='word_1_133' title='bbox 373 3351 505 3416; x_wconf 88' lang='lat' dir='ltr'>odiosus</span> <span class='ocrx_word' id='word_1_134' title='bbox 536 3352 672 3418; x_wconf 87' lang='lat' dir='ltr'>devenit</span> <span class='ocrx_word' id='word_1_135' title='bbox 698 3352 830 3440; x_wconf 90' lang='lat' dir='ltr'>populis</span> <span class='ocrx_word' id='word_1_136' title='bbox 857 3353 934 3419; x_wconf 86' lang='lat' dir='ltr'>suis.</span> <span class='ocrx_word' id='word_1_137' title='bbox 990 3352 1035 3418; x_wconf 87' lang='lat' dir='ltr'>Et</span> <span class='ocrx_word' id='word_1_138' title='bbox 1059 3353 1134 3418; x_wconf 93' lang='lat' dir='ltr'>ideo</span> <span class='ocrx_word' id='word_1_139' title='bbox 1163 3373 1239 3438; x_wconf 88' lang='lat' dir='ltr'>pars</span> <span class='ocrx_word' id='word_1_140' title='bbox 1268 3351 1425 3418; x_wconf 88' lang='lat' dir='ltr'>comitum</span> <span class='ocrx_word' id='word_1_141' title='bbox 1440 3355 1576 3406; x_wconf 77' lang='lat' dir='ltr'>Revoltof</span> 
     </span>
    </p>
   </div>
   <div class='ocr_carea' id='block_1_10' title="bbox 374 3424 1586 3566">
    <p class='ocr_par' dir='ltr' id='par_1_12' title="bbox 374 3424 1586 3566">
     <span class='ocr_line' id='line_1_20' title="bbox 374 3424 1586 3566; baseline 0.003 -50"><span class='ocrx_word' id='word_1_142' title='bbox 374 3457 407 3516; x_wconf 91' lang='lat' dir='ltr'>et</span> <span class='ocrx_word' id='word_1_143' title='bbox 428 3453 590 3520; x_wconf 86' lang='lat' dir='ltr'>baronum</span> <span class='ocrx_word' id='word_1_144' title='bbox 613 3455 801 3523; x_wconf 84' lang='lat' dir='ltr'>adinvicem</span> <span class='ocrx_word' id='word_1_145' title='bbox 823 3454 1043 3533; x_wconf 89' lang='lat' dir='ltr'>conferebant,</span> <span class='ocrx_word' id='word_1_146' title='bbox 1058 3455 1204 3522; x_wconf 87' lang='lat' dir='ltr'>dicentes</span> <span class='ocrx_word' id='word_1_147' title='bbox 1226 3454 1336 3540; x_wconf 82' lang='lat' dir='ltr'>ipsum</span> <span class='ocrx_word' id='word_1_148' title='bbox 1359 3473 1427 3518; x_wconf 90' lang='lat' dir='ltr'>non</span> <span class='ocrx_word' id='word_1_149' title='bbox 1438 3424 1586 3566; x_wconf 51' lang='grc' dir='ltr'>ξεῖῑᾯζοω</span> 
     </span>
    </p>
   </div>
   <div class='ocr_carea' id='block_1_11' title="bbox 201 3555 1596 4450">
    <p class='ocr_par' dir='ltr' id='par_1_13' title="bbox 373 3555 1596 4241">
     <span class='ocr_line' id='line_1_21' title="bbox 374 3555 1501 3642; baseline -0.002 -22"><span class='ocrx_word' id='word_1_150' title='bbox 374 3577 442 3621; x_wconf 85' lang='lat' dir='ltr'>esee</span> <span class='ocrx_word' id='word_1_151' title='bbox 469 3556 614 3622; x_wconf 86' lang='lat' dir='ltr'>fortunae</span> <span class='ocrx_word' id='word_1_152' title='bbox 639 3557 799 3635; x_wconf 90' lang='lat' dir='ltr'>deditum,</span> <span class='ocrx_word' id='word_1_153' title='bbox 826 3579 887 3624; x_wconf 90' lang='lat' dir='ltr'>nec</span> <span class='ocrx_word' id='word_1_154' title='bbox 913 3579 1030 3623; x_wconf 89' lang='lat' dir='ltr'>verum</span> <span class='ocrx_word' id='word_1_155' title='bbox 1054 3579 1124 3623; x_wconf 88' lang='lat' dir='ltr'>cese</span> <span class='ocrx_word' id='word_1_156' title='bbox 1148 3578 1259 3642; x_wconf 87' lang='lat' dir='ltr'>regem</span> <span class='ocrx_word' id='word_1_157' title='bbox 1284 3555 1342 3622; x_wconf 88' lang='lat' dir='ltr'>sed</span> <span class='ocrx_word' id='word_1_158' title='bbox 1367 3576 1428 3641; x_wconf 92' lang='lat' dir='ltr'>per</span> <span class='ocrx_word' id='word_1_159' title='bbox 1439 3555 1501 3606; x_wconf 83' lang='lat' dir='ltr'>um.</span> 
     </span>
     <span class='ocr_line' id='line_1_22' title="bbox 374 3658 1426 3747; baseline 0 -25"><span class='ocrx_word' id='word_1_160' title='bbox 374 3659 592 3726; x_wconf 88' lang='lat' dir='ltr'>intrusionem</span> <span class='ocrx_word' id='word_1_161' title='bbox 625 3668 779 3741; x_wconf 88' lang='lat' dir='ltr'>erectum,</span> <span class='ocrx_word' id='word_1_162' title='bbox 805 3667 840 3728; x_wconf 90' lang='lat' dir='ltr'>et</span> <span class='ocrx_word' id='word_1_163' title='bbox 864 3661 937 3728; x_wconf 86' lang='lat' dir='ltr'>ideo</span> <span class='ocrx_word' id='word_1_164' title='bbox 961 3661 1106 3728; x_wconf 82' lang='lat' dir='ltr'>infauste</span> <span class='ocrx_word' id='word_1_165' title='bbox 1130 3681 1243 3747; x_wconf 86' lang='lat' dir='ltr'>regere</span> <span class='ocrx_word' id='word_1_166' title='bbox 1267 3658 1426 3747; x_wconf 93' lang='lat' dir='ltr'>populum</span> 
     </span>
     <span class='ocr_line' id='line_1_23' title="bbox 373 3761 1426 3840; baseline 0.001 -16"><span class='ocrx_word' id='word_1_167' title='bbox 373 3783 479 3830; x_wconf 85' lang='lat' dir='ltr'>suurn.</span> <span class='ocrx_word' id='word_1_168' title='bbox 535 3763 580 3829; x_wconf 89' lang='lat' dir='ltr'>Et</span> <span class='ocrx_word' id='word_1_169' title='bbox 613 3765 859 3830; x_wconf 89' lang='lat' dir='ltr'>mandaverunt</span> <span class='ocrx_word' id='word_1_170' title='bbox 891 3762 1059 3830; x_wconf 90' lang='lat' dir='ltr'>Willelmo</span> <span class='ocrx_word' id='word_1_171' title='bbox 1093 3763 1169 3828; x_wconf 91' lang='lat' dir='ltr'>duci</span> <span class='ocrx_word' id='word_1_172' title='bbox 1200 3761 1426 3840; x_wconf 83' lang='lat' dir='ltr'>Normanniae‚</span> 
     </span>
     <span class='ocr_line' id='line_1_24' title="bbox 375 3863 1579 3950; baseline -0.003 -22"><span class='ocrx_word' id='word_1_173' title='bbox 375 3864 432 3948; x_wconf 92' lang='lat' dir='ltr'>qui</span> <span class='ocrx_word' id='word_1_174' title='bbox 457 3864 637 3930; x_wconf 80' lang='lat' dir='ltr'>bastardus</span> <span class='ocrx_word' id='word_1_175' title='bbox 660 3870 797 3934; x_wconf 87' lang='lat' dir='ltr'>vocatus</span> <span class='ocrx_word' id='word_1_176' title='bbox 820 3869 871 3930; x_wconf 91' lang='lat' dir='ltr'>est</span> <span class='ocrx_word' id='word_1_177' title='bbox 894 3886 933 3931; x_wconf 88' lang='lat' dir='ltr'>eo</span> <span class='ocrx_word' id='word_1_178' title='bbox 956 3865 1044 3950; x_wconf 91' lang='lat' dir='ltr'>quod</span> <span class='ocrx_word' id='word_1_179' title='bbox 1067 3869 1146 3930; x_wconf 90' lang='lat' dir='ltr'>ante</span> <span class='ocrx_word' id='word_1_180' title='bbox 1173 3863 1426 3930; x_wconf 82' lang='lat' dir='ltr'>celebrationem</span> <span class='ocrx_word' id='word_1_181' title='bbox 1439 3867 1579 3946; x_wconf 66' lang='lat' dir='ltr'>Innuuon</span> 
     </span>
     <span class='ocr_line' id='line_1_25' title="bbox 374 3934 1589 4054; baseline -0.001 -25"><span class='ocrx_word' id='word_1_182' title='bbox 374 3967 579 4032; x_wconf 83' lang='lat' dir='ltr'>matrimonii</span> <span class='ocrx_word' id='word_1_183' title='bbox 612 3973 713 4034; x_wconf 88' lang='lat' dir='ltr'>natus</span> <span class='ocrx_word' id='word_1_184' title='bbox 746 3969 799 4046; x_wconf 84' lang='lat' dir='ltr'>sit,</span> <span class='ocrx_word' id='word_1_185' title='bbox 827 3972 867 4035; x_wconf 89' lang='lat' dir='ltr'>ut</span> <span class='ocrx_word' id='word_1_186' title='bbox 900 3968 938 4032; x_wconf 90' lang='lat' dir='ltr'>in</span> <span class='ocrx_word' id='word_1_187' title='bbox 968 3967 1126 4054; x_wconf 84' lang='lat' dir='ltr'>Angliam</span> <span class='ocrx_word' id='word_1_188' title='bbox 1150 3967 1282 4032; x_wconf 85' lang='lat' dir='ltr'>veniret</span> <span class='ocrx_word' id='word_1_189' title='bbox 1314 3987 1426 4031; x_wconf 82' lang='lat' dir='ltr'>eorum</span> <span class='ocrx_word' id='word_1_190' title='bbox 1439 3934 1589 4052; x_wconf 56' lang='lat' dir='ltr'>mm</span> 
     </span>
     <span class='ocr_line' id='line_1_26' title="bbox 375 4069 1596 4158; baseline -0.002 -22"><span class='ocrx_word' id='word_1_191' title='bbox 375 4069 511 4136; x_wconf 88' lang='lat' dir='ltr'>consilio</span> <span class='ocrx_word' id='word_1_192' title='bbox 535 4075 570 4136; x_wconf 90' lang='lat' dir='ltr'>et</span> <span class='ocrx_word' id='word_1_193' title='bbox 596 4070 723 4137; x_wconf 84' lang='lat' dir='ltr'>auxilio</span> <span class='ocrx_word' id='word_1_194' title='bbox 742 4071 800 4156; x_wconf 88' lang='lat' dir='ltr'>jue</span> <span class='ocrx_word' id='word_1_195' title='bbox 826 4071 922 4158; x_wconf 84' lang='lat' dir='ltr'>regni</span> <span class='ocrx_word' id='word_1_196' title='bbox 945 4075 1187 4157; x_wconf 85' lang='lat' dir='ltr'>prosecuturus,</span> <span class='ocrx_word' id='word_1_197' title='bbox 1211 4069 1427 4154; x_wconf 75' lang='lat' dir='ltr'>feceruntque</span> <span class='ocrx_word' id='word_1_198' title='bbox 1439 4069 1596 4133; x_wconf 75' lang='lat' dir='ltr'>Nomanuy.</span> 
     </span>
     <span class='ocr_line' id='line_1_27' title="bbox 376 4173 1225 4241; baseline 0.002 -4"><span class='ocrx_word' id='word_1_199' title='bbox 376 4173 406 4237; x_wconf 88' lang='lat' dir='ltr'>ci</span> <span class='ocrx_word' id='word_1_200' title='bbox 429 4173 560 4240; x_wconf 87' lang='lat' dir='ltr'>fidelem</span> <span class='ocrx_word' id='word_1_201' title='bbox 582 4174 796 4240; x_wconf 88' lang='lat' dir='ltr'>securitatem</span> <span class='ocrx_word' id='word_1_202' title='bbox 818 4173 977 4241; x_wconf 86' lang='lat' dir='ltr'>veniendi</span> <span class='ocrx_word' id='word_1_203' title='bbox 993 4182 1027 4240; x_wconf 92' lang='lat' dir='ltr'>et</span> <span class='ocrx_word' id='word_1_204' title='bbox 1050 4173 1225 4241; x_wconf 87' lang='lat' dir='ltr'>consensit.</span> 
     </span>
    </p>

    <p class='ocr_par' dir='ltr' id='par_1_14' title="bbox 203 4281 1429 4364">
     <span class='ocr_line' id='line_1_28' title="bbox 203 4281 1429 4364; baseline -0.007 -20"><span class='ocrx_word' id='word_1_205' title='bbox 203 4299 284 4364; x_wconf 77' lang='lat' dir='ltr'>ffigd.</span> <span class='ocrx_word' id='word_1_206' title='bbox 296 4301 340 4352; x_wconf 72' lang='lat' dir='ltr'>vij,</span> <span class='ocrx_word' id='word_1_207' title='bbox 421 4285 554 4342; x_wconf 74' lang='lat' dir='ltr'>Tradunt</span> <span class='ocrx_word' id='word_1_208' title='bbox 575 4284 695 4358; x_wconf 87' lang='lat' dir='ltr'>quidam</span> <span class='ocrx_word' id='word_1_209' title='bbox 718 4286 797 4360; x_wconf 91' lang='lat' dir='ltr'>quod</span> <span class='ocrx_word' id='word_1_210' title='bbox 811 4287 960 4344; x_wconf 85' lang='lat' dir='ltr'>Haraldus</span> <span class='ocrx_word' id='word_1_211' title='bbox 975 4305 1068 4358; x_wconf 81' lang='lat' dir='ltr'>regno</span> <span class='ocrx_word' id='word_1_212' title='bbox 1089 4285 1201 4358; x_wconf 88' lang='lat' dir='ltr'>potitus</span> <span class='ocrx_word' id='word_1_213' title='bbox 1221 4284 1323 4340; x_wconf 84' lang='lat' dir='ltr'>statim</span> <span class='ocrx_word' id='word_1_214' title='bbox 1338 4281 1429 4353; x_wconf 82' lang='lat' dir='ltr'>coepit</span> 
     </span>
    </p>

    <p class='ocr_par' dir='ltr' id='par_1_15' title="bbox 201 4372 1428 4450">
     <span class='ocr_line' id='line_1_29' title="bbox 201 4372 1428 4450; baseline -0.004 -21"><span class='ocrx_word' id='word_1_215' title='bbox 201 4372 329 4420; x_wconf 69' lang='lat'>²2⁶·2³⁰·</span> <span class='ocrx_word' id='word_1_216' title='bbox 375 4375 454 4448; x_wconf 80' lang='lat' dir='ltr'>leges</span> <span class='ocrx_word' id='word_1_217' title='bbox 477 4375 594 4448; x_wconf 87' lang='lat' dir='ltr'>iniquas</span> <span class='ocrx_word' id='word_1_218' title='bbox 616 4375 774 4444; x_wconf 86' lang='lat' dir='ltr'>destruere,</span> <span class='ocrx_word' id='word_1_219' title='bbox 806 4395 904 4450; x_wconf 85' lang='lat' dir='ltr'>aequas</span> <span class='ocrx_word' id='word_1_220' title='bbox 940 4377 1038 4438; x_wconf 81' lang='lat' dir='ltr'>fovere</span> <span class='ocrx_word' id='word_1_221' title='bbox 1061 4379 1092 4431; x_wconf 88' lang='lat' dir='ltr'>ct</span> <span class='ocrx_word' id='word_1_222' title='bbox 1125 4374 1260 4440; x_wconf 87' lang='lat' dir='ltr'>condere,</span> <span class='ocrx_word' id='word_1_223' title='bbox 1292 4372 1428 4427; x_wconf 84' lang='lat' dir='ltr'>ecclesius</span> 
     </span>
    </p>
   </div>
   <div class='ocr_carea' id='block_1_12' title="bbox 381 4613 1429 4761">
    <p class='ocr_par' dir='ltr' id='par_1_16' title="bbox 381 4613 1429 4761">
     <span class='ocr_line' id='line_1_30' title="bbox 381 4613 1427 4688; baseline -0.01 -15"><span class='ocrx_word' id='word_1_224' title='bbox 381 4663 386 4673; x_wconf 94' lang='lat'>.</span> <span class='ocrx_word' id='word_1_225' title='bbox 406 4623 413 4655; x_wconf 89' lang='lat'>¹</span> <span class='ocrx_word' id='word_1_226' title='bbox 431 4623 537 4688; x_wconf 79' lang='lat' dir='ltr'>Adlyrrp</span> <span class='ocrx_word' id='word_1_227' title='bbox 550 4623 577 4672; x_wconf 91' lang='lat' dir='ltr'>iu</span> <span class='ocrx_word' id='word_1_228' title='bbox 589 4623 651 4674; x_wconf 87' lang='lat' dir='ltr'>both</span> <span class='ocrx_word' id='word_1_229' title='bbox 663 4624 739 4674; x_wconf 83' lang='lat' dir='ltr'>MSS.</span> <span class='ocrx_word' id='word_1_230' title='bbox 925 4623 957 4671; x_wconf 75' lang='lat' dir='ltr'>of</span> <span class='ocrx_word' id='word_1_231' title='bbox 963 4623 1006 4673; x_wconf 88' lang='lat' dir='ltr'>the</span> <span class='ocrx_word' id='word_1_232' title='bbox 1018 4618 1123 4672; x_wconf 77' lang='lat' dir='ltr'>writcr’s</span> <span class='ocrx_word' id='word_1_233' title='bbox 1135 4615 1311 4677; x_wconf 67' lang='lat' dir='ltr'>summatim</span> <span class='ocrx_word' id='word_1_234' title='bbox 1318 4613 1427 4680; x_wconf 78' lang='lat' dir='ltr'>spelling</span> 
     </span>
     <span class='ocr_line' id='line_1_31' title="bbox 405 4695 1429 4761; baseline -0.009 -6"><span class='ocrx_word' id='word_1_235' title='bbox 405 4703 508 4754; x_wconf 83' lang='lat' dir='ltr'>²me</span> <span class='ocrx_word' id='word_1_236' title='bbox 520 4704 554 4754; x_wconf 81' lang='lat' dir='ltr'>A.</span> <span class='ocrx_word' id='word_1_237' title='bbox 589 4703 621 4754; x_wconf 87' lang='lat' dir='ltr'>In</span> <span class='ocrx_word' id='word_1_238' title='bbox 632 4703 741 4754; x_wconf 82' lang='lat' dir='ltr'>MS.tlre</span> <span class='ocrx_word' id='word_1_239' title='bbox 751 4703 806 4753; x_wconf 80' lang='lat' dir='ltr'>drst</span> <span class='ocrx_word' id='word_1_240' title='bbox 817 4701 875 4752; x_wconf 79' lang='lat' dir='ltr'>four</span> <span class='ocrx_word' id='word_1_241' title='bbox 925 4700 954 4752; x_wconf 79' lang='lat' dir='ltr'>of</span> <span class='ocrx_word' id='word_1_242' title='bbox 975 4698 1060 4749; x_wconf 77' lang='lat' dir='ltr'>which</span> <span class='ocrx_word' id='word_1_243' title='bbox 1080 4706 1148 4749; x_wconf 83' lang='lat' dir='ltr'>must</span> <span class='ocrx_word' id='word_1_244' title='bbox 1177 4695 1340 4761; x_wconf 62' lang='lat' dir='ltr'>accordingly</span> <span class='ocrx_word' id='word_1_245' title='bbox 1363 4696 1429 4746; x_wconf 83' lang='lat' dir='ltr'>hare</span> 
     </span>
    </p>
   </div>
   <div class='ocr_carea' id='block_1_13' title="bbox 372 4781 1150 4929">
    <p class='ocr_par' dir='ltr' id='par_1_17' title="bbox 372 4781 1150 4929">
     <span class='ocr_line' id='line_1_32' title="bbox 372 4781 1150 4848; baseline -0.005 -16"><span class='ocrx_word' id='word_1_246' title='bbox 372 4785 452 4834; x_wconf 75' lang='lat' dir='ltr'>worda</span> <span class='ocrx_word' id='word_1_247' title='bbox 463 4799 508 4834; x_wconf 85' lang='lat' dir='ltr'>ara</span> <span class='ocrx_word' id='word_1_248' title='bbox 520 4782 546 4834; x_wconf 89' lang='lat' dir='ltr'>iu</span> <span class='ocrx_word' id='word_1_249' title='bbox 556 4783 642 4848; x_wconf 78' lang='lat' dir='ltr'>larger</span> <span class='ocrx_word' id='word_1_250' title='bbox 653 4781 804 4834; x_wconf 84' lang='lat' dir='ltr'>charactera</span> <span class='ocrx_word' id='word_1_251' title='bbox 926 4783 991 4833; x_wconf 86' lang='lat' dir='ltr'>been</span> <span class='ocrx_word' id='word_1_252' title='bbox 1003 4792 1150 4833; x_wconf 81' lang='lat' dir='ltr'>currrrrou.</span> 
     </span>
     <span class='ocr_line' id='line_1_33' title="bbox 404 4861 875 4929; baseline -0.008 -11"><span class='ocrx_word' id='word_1_253' title='bbox 404 4862 415 4896; x_wconf 83' lang='lat'><strong>³</strong></span> <span class='ocrx_word' id='word_1_254' title='bbox 430 4862 495 4917; x_wconf 80' lang='lat' dir='ltr'>&#39;Ibis</span> <span class='ocrx_word' id='word_1_255' title='bbox 505 4862 581 4916; x_wconf 76' lang='lat' dir='ltr'>uua</span> <span class='ocrx_word' id='word_1_256' title='bbox 588 4861 678 4929; x_wconf 79' lang='lat' dir='ltr'>eighth</span> <span class='ocrx_word' id='word_1_257' title='bbox 684 4861 790 4914; x_wconf 75' lang='lat' dir='ltr'>audlast</span> <span class='ocrx_word' id='word_1_258' title='bbox 802 4861 875 4914; x_wconf 81' lang='lat' dir='ltr'>letter</span> 
     </span>
    </p>
   </div>
   <div class='ocr_carea' id='block_1_14' title="bbox 1228 4951 1297 5017">
    <p class='ocr_par' dir='ltr' id='par_1_18' title="bbox 1228 4951 1297 5017">
     <span class='ocr_line' id='line_1_34' title="bbox 1228 4951 1297 5017; baseline -0.014 0"><span class='ocrx_word' id='word_1_259' title='bbox 1228 4951 1297 5017; x_wconf 74' lang='grc' dir='ltr'>ΒΞ</span> 
     </span>
    </p>
   </div>
   <div class='ocr_carea' id='block_1_15' title="bbox 0 0 1828 5784">
    <p class='ocr_par' dir='ltr' id='par_1_19' title="bbox 0 0 1828 5784">
     <span class='ocr_line' id='line_1_35' title="bbox 0 0 1828 5784; baseline 0 0"><span class='ocrx_word' id='word_1_260' title='bbox 0 0 1828 5784; x_wconf 95' lang='lat' dir='ltr'> </span> 
     </span>
    </p>
   </div>
  </div>
 </body>
</html>
