3625 5784
457 969 521 1036 all
806 983 955 1034 sermm
979 983 1162 1033 aurearou

282 1189 358 1239 Some
456 1173 681 1238 Hauresthem
728 1175 959 1239 custodiendos
1003 1173 1152 1252 tradidit,
1191 1173 1350 1258 quosdam
1399 1192 1509 1237 secum

281 1254 409 1370 fflffi⁰¹⁸
455 1276 604 1355 adduxit,
629 1276 787 1361 quosdam
810 1276 910 1341 etiam
935 1278 977 1340 ad
993 1276 1125 1341 diversa
1139 1280 1258 1352 castra,
1282 1281 1316 1340 et
1339 1275 1508 1340 Simonem

283 1386 438 1451 Northemp-
456 1377 496 1441 de
530 1375 644 1441 Monte
678 1377 759 1440 forti
789 1377 831 1442 ad
855 1384 1000 1443 castrum
1023 1377 1065 1442 de
1088 1377 1287 1440 Windescur
1319 1376 1510 1441 destinavit.

283 1455 427 1570 toqqeqqstlo,
457 1479 623 1564 Factaque
662 1486 742 1544 gunt
780 1480 849 1545 hae0
887 1481 993 1565 quoad
1034 1480 1221 1565 captionem
1259 1479 1511 1544 Norbamtoniae

286 1585 384 1634 aarum
457 1583 595 1646 sabbato
628 1582 734 1667 primo
765 1583 801 1645 in
832 1584 983 1668 passione
1006 1583 1132 1646 domini
1165 1582 1291 1647 scilicet
1325 1581 1371 1666 iij.
1408 1601 1510 1645 nona·

286 1652 428 1702 ⁰¹⁸⁶wh⁰¹⁶'
457 1705 531 1747 rum
562 1683 696 1768 Aprilis,
721 1705 807 1748 anno
846 1684 972 1748 domini
996 1699 1158 1748 uccuxrv.
1205 1683 1420 1766 Porrexitque
1452 1704 1510 1745 lux

289 1744 356 1794 Ab.
372 1749 445 1794 1264.
678 1785 684 1798 ,
861 1787 867 1800 Ι
1480 1784 1486 1797 .

288 1806 560 1884 Atlvaneeofnsque
606 1785 820 1870 Notrnghnm,
859 1786 1036 1850 mcendeus
1074 1790 1108 1849 at
1146 1785 1325 1850 devastans
1364 1805 1511 1850 maneria

288 1899 331 1950 the
344 1899 405 1966 king
458 1887 616 1950 baronum
641 1890 675 1950 et
697 1891 886 1952 caeterorum
919 1887 1074 1963 bostium,
1097 1887 1209 1972 ibique
1232 1886 1400 1972 recollegit
1420 1907 1511 1970 mag·

288 1967 411 2098 lingula
458 1995 552 2052 untes
575 2011 650 2052 suos
673 1994 707 2052 ot
740 2010 916 2054 numerum
953 2010 1086 2054 suorum
1110 1988 1339 2054 vehementius
1362 1988 1510 2055 adauxit.

289 2123 421 2174 umine·
459 2091 621 2175 Deinceps
646 2089 771 2175 usque.¹

288 2190 421 2240 ‘'²⁸²⁸fi011·
508 2189 680 2276 ²Cumquo
705 2213 817 2256 rumor
832 2191 894 2256 iste
918 2191 1052 2256 sinister
1073 2191 1186 2257 comiti
1203 2191 1331 2255 Simoni
1354 2192 1412 2276 qui
1435 2213 1509 2256 oum

288 2279 446 2396 ffllffffioe
459 2291 633 2358 exercitu³
655 2293 774 2378 grandi
797 2315 912 2357 versus
944 2292 1152 2358 Norbamton
1175 2294 1211 2356 in
1242 2294 1406 2358 veniendo
1429 2297 1509 2368 erat,

289 2363 422 2463 ofuoiiu-
458 2417 479 2459 a
516 2395 765 2460 transeuntibus
804 2400 839 2460 et
880 2395 1084 2481 fugientibus
1118 2394 1291 2473 diceretur,
1329 2395 1508 2470 infremuit,

289 2480 519 2596 fflffitl’t'neo
541 2502 651 2562 tamen
677 2497 821 2562 concidit
844 2497 959 2562 vultus
990 2497 1070 2581 ejus,
1094 2495 1151 2561 sed
1183 2496 1297 2560 statim
1322 2496 1509 2561 Londonias

288 2627 409 2676 proposes
459 2599 573 2664 adiens
607 2599 686 2664 fecit
709 2599 772 2662 sibi
805 2599 876 2663 lieri
910 2620 1042 2663 curmm
1075 2599 1170 2683 quasi
1203 2597 1362 2664 falcatum
1385 2599 1421 2662 in
1445 2619 1510 2682 quo

288 2679 435 2797 wolff
459 2703 625 2786 equitaret
641 2700 721 2766 acsi
745 2707 830 2766 esset
847 2705 1000 2786 aegrotus,
1024 2701 1124 2764 finxit
1146 2701 1235 2765 euim
1259 2723 1294 2765 se
1317 2700 1460 2765 debilem
1475 2705 1510 2764 et

459 2803 625 2868 infirmum
649 2824 723 2868 cum
747 2807 833 2868 esset
856 2801 997 2868 bellator
1019 2803 1176 2867 robustus
1208 2809 1243 2868 et
1269 2803 1376 2868 tortia.
1422 2801 1508 2868 Con·

458 2905 585 2992 gregati
603 2910 745 2991 suntque
763 2905 806 2969 ad
830 2926 904 2968 cum
929 2904 1039 2970 caetcri
1063 2910 1236 2990 magnatos
1258 2905 1433 2989 complicas
1456 2905 1508 2967 sui

457 3009 595 3072 comites
629 3013 664 3073 et
701 3008 850 3083 barones,
882 3012 917 3071 et
955 3006 1078 3091 singuli
1112 3007 1270 3092 singulas.
1297 3006 1509 3071 adduxerunt

458 3110 616 3174 cobortes.
662 3109 925 3194 Praeperatisque
949 3109 1074 3173 ibidem
1108 3109 1226 3194 ligneis
1249 3108 1411 3173 machinis
1433 3129 1508 3192 pro-

459 3211 538 3276 iecti
574 3212 717 3276 suntad
742 3211 961 3276 obsidendum
991 3211 1334 3286 Roceetrian1‚oomes
1358 3209 1509 3274 enimde

286 3316 346 3365 uerl
460 3311 639 3377 Warennia
673 3312 787 3376 villam
821 3313 933 3376 tenuit
966 3317 1001 3377 et
1032 3317 1178 3376 castrum
1213 3331 1254 3376 ex
1286 3319 1380 3397 parte
1412 3311 1506 3398 regia

287 3381 422 3498 ,ᾚὲἰῇ
460 3413 608 3498 Cumque
631 3415 770 3499 primam
795 3423 922 3499 partem
954 3435 1022 3477 una
1056 3434 1130 3478 cum
1166 3419 1267 3498 ponte
1289 3414 1454 3498 cepissent
1475 3419 1510 3478 et

286 3513 330 3580 5¹¹8
340 3513 395 3606 ¹1³0·
458 3513 703 3580 illuminassent
725 3515 761 3578 in
785 3523 889 3600 parte,
914 3515 1082 3580 vulnerati
1114 3519 1195 3578 sunt
1226 3514 1322 3578 multi
1348 3520 1383 3579 et
1406 3519 1509 3579 retro·

285 3581 392 3629 chester.
458 3617 572 3681 cedere
596 3616 755 3703 compulsi
782 3623 871 3694 sunt,
895 3616 1009 3700 ibique
1034 3615 1230 3682 vulneratus
1264 3623 1316 3680 est
1352 3622 1507 3681 strenuus

458 3720 551 3784 miles
589 3719 644 3784 ille
685 3719 831 3806 Rogerus
870 3719 911 3784 (le
947 3719 1104 3804 Layburn
1138 3725 1172 3782 et
1212 3719 1297 3783 male
1335 3725 1508 3785 tractatus.

287 3817 393 3931 Aftorla
458 3821 612 3905 Dumque
628 3822 674 3887 sic
689 3821 893 3886 obsidionem
911 3821 1145 3887 continuarent
1167 3821 1211 3884 ad
1234 3824 1376 3907 tempus,
1392 3822 1507 3886 nunci-

286 3891 388 4001 tiliis-s
401 3951 444 4000 rue
457 3929 551 3988 atum
586 3929 637 3987 est
682 3925 736 4000 eie,
776 3923 863 4008 quod
910 3923 946 3986 in
978 3923 1143 3987 veniendo
1178 3929 1252 3987 arat
1296 3945 1355 3988 rex
1394 3945 1509 3988 versus

284 4016 417 4132 ''iffi‘ft
462 4024 650 4090 Londonias
666 4047 740 4090 cum
756 4025 903 4090 exercitu
920 4025 1063 4109 copioso,
1078 4031 1113 4088 et
1127 4025 1288 4090 dixerunt
1302 4019 1508 4090 adinvicem:

285 4098 425 4221 Ertff'
459 4137 477 4162 “
502 4127 539 4192 Si
563 4127 598 4189 in
621 4127 770 4190 adventu
788 4147 846 4190 suo
863 4125 1052 4190 Londonias
1075 4127 1288 4211 occupaverit
1302 4149 1371 4204 rex,
1386 4129 1508 4192 erimus

286 4237 409 4316 ungues
457 4237 474 4262 “
499 4227 553 4292 bic
580 4226 698 4292 inclusi
723 4227 816 4311 quasi
841 4227 876 4291 in
900 4226 1022 4312 angulo
1045 4232 1164 4303 terrae3
1189 4235 1397 4294 revocamur
1429 4251 1508 4315 ergo

285 4305 428 4368 advanemg
458 4339 475 4364 “
500 4329 687 4394 Londonias¹
704 4333 742 4392 ut
766 4335 800 4393 et
816 4327 923 4394 locum
940 4329 1105 4394 salvemus
1123 4336 1157 4395 ct
1179 4331 1340 4416 gentem.”
1387 4331 1508 4396 Positis

285 4371 444 4421 omum
457 4454 535 4519 ergo
550 4431 746 4516 quibusdam
763 4431 861 4498 certis
875 4431 1024 4516 Persmsm
1039 4431 1082 4496 ad
1098 4432 1279 4498 tenendum
1294 4433 1509 4511 (immonem

668 4589 954 4596 .-—------————
970 4589 1018 4596 ιι..-
1027 4591 1031 4596 .

489 4715 495 4748 1
514 4716 599 4766 Thes„
612 4717 760 4777 [wowordffi
772 4731 788 4766 a
799 4724 853 4766 8οη
865 4715 955 4766 omne
1004 4675 1157 4807 bothTiiosg
1174 4676 1194 4727 is
1214 4695 1231 4727 a
1248 4679 1368 4730 colourcd
1387 4680 1461 4730 letter
1481 4679 1506 4729 in

453 4797 494 4845 for
506 4794 573 4844 what
584 4794 692 4855 follows,
703 4809 746 4844 are
759 4793 859 4845 written
872 4795 897 4844 in
910 4796 955 4846 the
1037 4835 1048 4866 ³
1065 4834 1133 4884 Hem
1144 4851 1178 4884 on
1197 4835 1259 4886 both
1280 4835 1393 4900 margins
1410 4835 1508 4888 ΗΛ.

452 4879 509 4924 text
521 4872 548 4922 of
558 4872 620 4921 both
633 4872 707 4920 MSS.

1004 4913 1054 4963 lum
1067 4912 1148 4964 Letoa.
