3625 5784
432 847 496 910 144
763 861 911 912 assium
936 859 1117 910 KNIGHTON

430 1055 575 1112 convertit
596 1055 633 1112 ad
663 1057 760 1113 fidem.
805 1057 932 1115 Demum
955 1074 1030 1129 papa
1052 1056 1172 1112 effectus
1206 1061 1325 1128 propter
1347 1057 1481 1112 vulnera·

430 1146 541 1202 tionem
555 1147 643 1201 unius
666 1137 882 1203 cardinaliuml
902 1151 997 1204 totam
1018 1146 1121 1201 urbem
1143 1145 1306 1201 Romanam
1328 1147 1481 1220 supposuit

429 1234 603 1302 interdicto;
627 1236 808 1292 Willelmnm
830 1254 931 1307 regem
955 1235 1064 1292 Siciliae
1096 1235 1367 1304 excommunicavit,
1391 1241 1421 1292 et
1443 1211 1638 1328 adfflffiffl

429 1324 664 1381 summissionem
686 1327 791 1398 coegit.
836 1325 895 1382 Hic
917 1325 1031 1398 primus
1054 1324 1186 1380 omnium
1208 1323 1339 1381 virorum
1363 1331 1478 1398 aposto-
1560 1318 1568 1330 '

427 1413 550 1469 licorum
579 1432 647 1470 cnm
670 1416 863 1472 cardinalibus
896 1433 1008 1471 moram
1030 1414 1101 1471 fecit
1124 1413 1156 1470 in
1178 1414 1249 1470 urbe
1272 1415 1372 1471 veteri.
1418 1415 1480 1470 Rex

429 1501 536 1559 Scotise
568 1509 598 1559 st
629 1505 689 1560 lere
730 1522 829 1561 omnes
866 1503 1005 1577 primates
1039 1504 1158 1575 Angliae
1176 1502 1332 1560 ¹obierunt
1379 1504 1481 1560 Mense

430 1591 563 1649 Octobris
596 1594 734 1666 apparuit
768 1594 885 1665 signum
920 1593 1015 1650 crucis
1049 1594 1081 1648 in
1119 1594 1201 1660 luna,
1232 1598 1264 1649 et
1301 1593 1396 1650 delata
1435 1599 1480 1650 est

338 1683 341 1686 ’
428 1699 533 1738 manus
570 1685 664 1738 sancti
702 1682 804 1739 Jacobi
837 1684 961 1756 apostoli
995 1681 1033 1738 ad
1065 1682 1276 1739 monasterium
1314 1682 1479 1754 Bsdingias.

430 1770 494 1826 Hoc
516 1789 593 1827 anno
615 1790 667 1826 rex
690 1772 835 1828 Henricus
859 1772 944 1828 duxit
965 1771 1061 1845 primo
1083 1771 1242 1828 exercitum
1277 1773 1309 1827 in
1331 1773 1478 1839 Walliam,

428 1859 558 1915 firmavit
588 1867 717 1916 castrum
739 1862 776 1918 de
799 1851 969 1929 Bothelan‚²
991 1867 1021 1918 et
1044 1861 1180 1917 fundavit
1202 1862 1409 1919 monasterium
1443 1862 1479 1917 de

430 1949 635 2022 Basyngwork

472 2038 638 2095 Alexander
660 2037 702 2109 iij.
733 2045 799 2112 poet
821 2039 986 2096 Adrianum
1010 2041 1086 2098 sedit
1109 2059 1184 2116 papa
1207 2043 1292 2098 aunis
1314 2041 1385 2114 xxij.
1422 2041 1478 2112 Qui

431 2127 579 2198 superavit
616 2133 741 2200 quatuor
772 2129 974 2186 schismaticos
1006 2131 1179 2203 apostolicos
1212 2149 1285 2204 quos
1319 2131 1479 2204 imperator

430 2216 600 2272 Frcdericus
632 2223 780 2285 erexerat;
804 2219 854 2274 hic
883 2221 973 2275 etiam
1006 2221 1193 2277 concordavit
1226 2220 1414 2277 hedoneum
1448 2230 1478 2276 et

428 2305 620 2362 Emanuclem
665 2307 1023 2381 constantinopolitanum
1077 2315 1108 2366 et
1153 2328 1253 2382 regem
1301 2311 1476 2376 Siculorum,

427 2395 569 2452 Thomam
604 2395 842 2453 cantuariensem
875 2397 949 2454 levit
982 2398 1015 2455 in
1049 2399 1143 2456 exilio.
1189 2401 1336 2456 Henricus
1367 2399 1476 2472 primo-

427 2485 546 2554 genitus
568 2484 657 2557 hujus
678 2486 757 2557 regis
780 2487 966 2559 desponsavit
989 2488 1080 2544 filiam
1102 2489 1181 2561 regis
1202 2489 1342 2546 Francis.
1387 2487 1477 2561 Apud

428 2573 615 2630 Glcverniam
653 2577 771 2647 quidam
806 2593 879 2648 puer
912 2578 1065 2634 crucifixus
1096 2583 1141 2634 est
1174 2597 1191 2634 a
1229 2579 1349 2635 Judaeis.
1395 2578 1477 2636 Obiit

427 2663 610 2720 'l'heohaldus
641 2665 874 2739 archiepiscopus
895 2671 927 2722 et
958 2673 1141 2724 consecratus
1174 2673 1219 2724 est
1241 2669 1366 2724 Thomas
1398 2667 1475 2722 Lon-

428 2752 576 2808 dcniensis
609 2755 688 2825 regis
721 2753 911 2810 cancellarius
942 2755 980 2827 vj.
1017 2774 1159 2812 nonarum
1191 2757 1285 2824 danii,
1310 2757 1354 2814 Aa
1388 2757 1476 2813 tertio

426 2847 493 2914 post
522 2843 579 2899 hcc
600 2861 678 2900 anno
699 2844 792 2900 exivit
813 2844 849 2900 de
871 2843 991 2916 Anglia,
1015 2845 1138 2919 septimo
1161 2864 1275 2920 quoque
1297 2864 1374 2902 auno
1396 2845 1477 2902 exilii

427 2930 516 2988 rediit
537 2938 567 2989 et
582 2935 786 3007 martyrizatus
801 2939 852 2988 est.
899 2933 991 3005 Oirjus
1004 2936 1097 2991 vitem
1120 2935 1335 3008 descripserunt
1352 2939 1477 3008 quatuor

426 3021 484 3075 viri
506 3021 620 3091 famosi,
643 3024 719 3078 ment
741 3028 823 3095 patet
843 3022 876 3077 in
898 3024 961 3078 vita
982 3042 1045 3081 sua.

473 3111 558 3168 (lima
589 3102 705 3168 istum8
727 3130 838 3168 annum
860 3112 961 3169 floruit
991 3114 1079 3169 abbas
1102 3113 1236 3170 Jcachim
1268 3113 1299 3169 in
1333 3113 1476 3183 Calabria,

429 3201 482 3271 qui
504 3219 590 3273 snper
612 3201 820 3274 Apocalypsim
842 3207 873 3257 et
895 3202 984 3258 libros
1015 3203 1226 3276 Prophetarum
1250 3203 1366 3276 scripsit
1397 3220 1476 3260 ccm-

427 3296 536 3346 mcnta.
591 3290 732 3346 Praedixit
765 3309 878 3363 quoque
912 3292 1079 3364 imperatori
1111 3293 1264 3349 thederico
1302 3299 1331 3349 et
1364 3292 1477 3349 caeteris

426 3379 545 3450 regibus
567 3386 675 3436 terram
698 3387 829 3437 sanctam
851 3380 1035 3449 adeuntibus,
1060 3382 1136 3454 quod
1159 3400 1262 3455 parum
1278 3381 1386 3438 ibidem
1409 3399 1477 3454 pro·

427 3467 547 3525 licerent
583 3488 617 3525 co
654 3470 731 3541 quod
771 3469 904 3526 nondum
941 3476 1056 3543 tempus
1087 3472 1268 3528 liberationis
1305 3470 1475 3528 advenisset.

431 3559 537 3614 Fertur
558 3559 648 3616 ctiam
670 3559 706 3614 de
728 3560 780 3614 illo
803 3559 938 3615 Joachim
961 3561 1039 3632 quod
1062 3561 1145 3633 quasi
1176 3559 1345 3634 prophetice
1366 3559 1476 3631 effigia-

428 3648 473 3702 vit
495 3665 598 3720 mores,
622 3652 704 3704 actus
726 3655 756 3704 et
777 3666 932 3704 numerum
955 3649 1087 3705 omnium
1102 3651 1232 3705 virorum
1254 3649 1476 3723 apostolicorum

429 3737 480 3806 qui
511 3737 603 3792 laturi
638 3738 733 3793 forent
766 3738 798 3792 in
829 3738 957 3795 ecclesis.
1004 3737 1077 3810 Ejus
1112 3744 1211 3795 tamen
1245 3739 1343 3812 opinio
1377 3743 1478 3794 corita

428 3825 606 3895 Magistrum
628 3827 838 3882 sententiarum
861 3827 1015 3884 scribentis
1037 3827 1218 3900 reprobatur,
1242 3827 1319 3884 sicut
1342 3832 1423 3900 patet
1445 3827 1477 3882 in

427 3914 573 3987 principio
610 3915 798 3971 decretalium
829 3935 881 3988 per
919 3917 1094 3989 Gregorium
1129 3917 1168 3975 ix.
1223 3917 1343 3974 Decimo
1375 3921 1478 3990 quarto

428 4003 619 4059 kalendarum
642 4005 775 4061 Octobris
797 4006 874 4062 circa
895 4007 998 4062 horam
1021 4007 1145 4080 primam
1168 4005 1224 4063 visi
1256 4007 1380 4063 suntin
1403 4007 1478 4063 coslo

429 4098 489 4148 tres
511 4093 614 4150 circuli
636 4099 667 4150 et
689 4095 747 4152 duo
769 4094 852 4150 soles.
898 4095 963 4165 Quo
985 4114 1062 4152 anno
1085 4103 1149 4152 orta
1170 4101 1215 4152 est
1237 4096 1378 4152 dissensio
1400 4095 1478 4151 inter

430 4200 529 4254 regem
546 4189 576 4239 et
599 4176 763 4239 thomam!
808 4184 923 4241 Floruit
943 4185 990 4240 his
1013 4185 1115 4241 diebus
1138 4186 1169 4240 in
1192 4187 1317 4242 Francia
1339 4185 1478 4256 magister

428 4272 532 4328 Petrus
567 4273 726 4339 comestor,
750 4273 800 4345 qni
823 4276 977 4346 utriusque
1010 4274 1190 4331 Testamenti
1223 4275 1376 4331 historiam
1408 4293 1477 4330 con·

428 4361 522 4417 texuit
544 4380 611 4434 qnae
635 4363 814 4418 Scholastica
845 4363 960 4419 dicitnr.
1008 4363 1130 4436 Scripsit
1164 4369 1194 4420 et
1216 4364 1370 4436 allegorias
1393 4381 1480 4437 super

461 4601 469 4634 ¹
490 4603 651 4663 Cardinolia,
663 4603 738 4670 Higd.
1009 4603 1019 4635 ⁴
1039 4603 1481 4676 Conmoriensemoreltiepiscopum,

460 4677 471 4712 ²
489 4681 632 4741 Rutboloa,
644 4679 721 4746 Higd.
976 4685 1034 4736 add.
1047 4683 1123 4751 Higd.

461 4757 472 4792 ³
488 4759 576 4825 istum]
595 4759 672 4818 hunc,
684 4757 760 4825 Higd.
