3625 5784
462 890 529 955 434
814 901 963 952 narsum
986 898 1170 951 numurus

462 1104 514 1143 rex
536 1088 656 1159 Anglioe
687 1093 790 1159 captus
822 1094 868 1144 est
900 1088 980 1161 apud
1013 1092 1142 1143 casuum
1176 1087 1213 1143 de
1243 1088 1339 1144 Nostin
1362 1088 1393 1143 in
1416 1087 1511 1144 West·

463 1177 569 1245 wallia,
593 1178 645 1247 aad
675 1177 754 1249 apud
785 1183 914 1233 omnum
948 1177 984 1233 de
1019 1177 1211 1250 Kenylworth
1234 1176 1442 1233 custodiendus
1464 1176 1513 1233 de-

463 1266 629 1323 mandatur.
675 1266 781 1323 Junior
801 1272 901 1323 antem
924 1258 1035 1338 Hugo¹
1068 1267 1260 1339 Dispensator
1281 1268 1332 1339 qni
1355 1283 1422 1322 cum
1444 1282 1515 1337 rege

465 1360 567 1429 captus
599 1358 704 1422 fuerat,
728 1356 897 1424 distractus,
922 1372 1079 1428 suspensus
1113 1374 1147 1411 ac
1179 1356 1338 1413 decollatus
1364 1360 1409 1413 est
1438 1354 1516 1428 apud

465 1444 619 1512 Hariorth,
642 1463 762 1517 corpore
785 1446 1011 1518 quadripartito,
1035 1446 1085 1502 sed
1117 1450 1205 1518 caput
1238 1445 1302 1517 ejus
1332 1446 1370 1501 ad
1396 1449 1514 1517 pontem

465 1532 698 1591 Londoniensam
714 1535 919 1591 summissum
941 1539 994 1591 est.

400 1664 429 1697 n·
508 1626 622 1692 Tertio
651 1627 726 1692 idus
758 1627 911 1693 Octobris
935 1628 1179 1693 Londonienscs
1202 1634 1419 1693 surrexerunt
1442 1649 1516 1694 cum
1530 1635 1642 1700 Iayea-

292 1730 389 1830 „¹⁰⁰2
464 1729 579 1814 regina
601 1733 635 1793 ct
657 1728 727 1793 filio
749 1730 820 1815 ejus
840 1735 956 1795 contra
971 1752 1092 1818 regem,
1106 1729 1261 1795 abierunt
1283 1730 1326 1794 ad
1349 1729 1517 1795 cadesim

292 2454 365 2520 They
376 2458 420 2507 be·

293 2522 359 2571 head
369 2523 412 2573 tte

293 2586 385 2651 bishop
396 2588 425 2639 oi

292 2654 400 2705 Oxford.

294 3218 338 3267 the
348 3218 436 3267 Torret

294 3282 323 3331 oi
331 3284 439 3333 Londm

292 3348 333 3397 ior
344 3350 387 3399 tha

293 3430 382 3479 queen.

291 3980 363 4029 John
374 3981 404 4033 of

292 4046 393 4097 Eltharn

292 4116 365 4162 made

290 4182 416 4243 guardian

290 4244 321 4293 oi
329 4246 372 4296 the
384 4248 438 4313 city

290 4310 319 4359 oi
330 4313 447 4366 Loudon.

1529 1703 1631 1753 transis.

462 1832 569 1896 sancti
591 1831 687 1895 Pauli
709 1835 744 1896 et
766 1831 979 1897 extrahentes
1001 1832 1189 1918 episcopum
1206 1830 1345 1897 Oxoniae
1368 1853 1407 1896 eo
1429 1832 1516 1917 quod

462 1931 700 1999 fulminaverat
714 1934 915 1999 sententiam
927 1933 1277 2000 excommunicationis
1292 1955 1392 2022 super
1406 1956 1516 2021 quem-

463 2056 602 2121 cumque
634 2037 816 2101 intrantem
851 2057 990 2124 regnum
1025 2041 1141 2101 contra
1175 2036 1382 2102 voluntatem
1420 2036 1517 2125 regis,

462 2140 497 2201 et
518 2136 580 2203 hoc
603 2137 639 2201 in
661 2136 890 2223 prejudicium
922 2138 1047 2224 reginae
1083 2143 1118 2202 et
1144 2136 1206 2201 filii
1228 2136 1299 2223 ejus
1315 2142 1349 2203 et
1371 2159 1515 2218 suorum,

462 2260 500 2304 ac
537 2240 639 2305 etiam
673 2260 734 2326 pro
770 2240 859 2305 mala
893 2240 1068 2305 voluntate
1103 2262 1204 2325 quam
1241 2240 1401 2327 gerebant
1438 2261 1518 2329 erga

462 2362 572 2427 regem
604 2364 665 2427 pro
702 2342 798 2407 malis
829 2342 975 2409 consiliis
1005 2342 1081 2407 suis
1128 2342 1372 2431 Duxeruntque
1395 2344 1517 2430 cpisco-

463 2462 544 2529 pum
575 2444 611 2507 in
642 2443 778 2531 Chepe²
812 2449 847 2510 et
869 2446 1082 2531 despectuose
1104 2444 1377 2525 decollavenmt,³
1404 2446 1516 2531 ibique

463 2544 642 2630 spoliatum
657 2546 764 2612 veluti
787 2546 950 2612 latronem
972 2550 1033 2611 aut
1054 2546 1254 2613 homicidam
1277 2548 1312 2611 in
1333 2548 1407 2613 vico
1428 2548 1516 2611 divi-

462 2653 585 2714 serunt.
621 2648 701 2713 'hes
717 2670 847 2735 quoque
862 2650 952 2713 viros
968 2649 1009 2713 de
1024 2649 1094 2713 suis
1108 2648 1353 2715 interfecerunt.
1387 2648 1516 2713 Deinde

462 2750 572 2815 idibus
606 2749 759 2817 Octobris
792 2752 882 2817 cives
914 2750 1159 2817 Londonienses
1190 2756 1350 2837 oeperunt
1383 2750 1515 2817 Turrim

460 2850 724 2918 Londonisnsem
755 2853 798 2918 ad
832 2874 931 2917 usum
964 2853 1088 2939 regina
1123 2856 1156 2919 et
1188 2852 1261 2932 filii,
1284 2858 1318 2919 et
1352 2874 1434 2938 quos
1468 2853 1515 2917 ibi

461 2953 660 3020 invenerant
682 2954 851 3020 duxanmt
881 2954 925 3019 ad
956 2955 1119 3041 palatium
1141 2956 1286 3041 episcopi
1308 2936 1514 3021 iondonien-

462 3056 517 3131 sis,
551 3057 707 3123 videlicet
739 3057 910 3122 dominum
942 3056 1129 3125 Johannem
1163 3057 1205 3122 de
1239 3056 1375 3122 Eltham
1408 3058 1515 3123 filium

292 3150 363 3215 They
375 3150 441 3202 ”³¹⁹
464 3160 552 3247 regis
575 3159 708 3247 Angiiae
740 3163 776 3225 et
806 3180 945 3224 uxorem
979 3158 1133 3247 Hugonis
1164 3158 1417 3245 Dispensatoris,
1440 3182 1516 3247 quae

465 3266 505 3327 ut
525 3262 642 3351 regina
667 3260 853 3327 habebatur
875 3261 912 3325 in
934 3282 1036 3349 regno
1070 3261 1151 3326 dnm
1184 3262 1299 3350 regina
1321 3263 1357 3325 in
1380 3264 1516 3329 remotis

466 3362 595 3450 agebat.
650 3362 696 3427 Et
733 3360 805 3429 haec
842 3362 991 3450 linguam
1030 3384 1124 3427 suam
1162 3362 1261 3427 nimis
1299 3363 1342 3427 ad
1380 3364 1516 3430 sinistra

465 3471 582 3532 contra
615 3465 764 3553 reginam
796 3468 831 3530 ct
861 3466 944 3530 alios
976 3466 1203 3545 relaxaverat;
1241 3470 1275 3531 et
1313 3466 1395 3531 duos
1429 3467 1515 3532 filios

463 3566 585 3655 Rogeri
616 3567 658 3632 de
692 3566 825 3632 Mortuo
854 3567 950 3646 mari,
974 3567 1144 3632 dominum
1168 3565 1334 3654 Rogemus
1357 3568 1398 3633 de
1422 3567 1516 3653 Clys-

462 3667 567 3747 iorda‚
590 3668 761 3734 dominum
783 3668 944 3734 Thomam
978 3670 1019 3734 de
1054 3668 1205 3755 Byrleye‚
1230 3669 1399 3734 dominum
1431 3670 1515 3735 Ber·

462 3769 676 3837 tholomaenm
698 3771 740 3836 de
763 3772 946 3855 Bmways3
969 3775 1004 3837 et
1024 3770 1172 3837 fecemnt
1194 3770 1365 3835 dominum
1387 3770 1513 3837 Johan·

461 3894 539 3938 nem
554 3874 596 3938 da
611 3871 772 3937 alehem*
792 3872 991 3959 gardianrun
1006 3872 1154 3939 civitatis
1171 3871 1409 3937 Londoniensis
1424 3873 1512 3959 quod

462 3978 624 4061 quotquot
645 3974 797 4040 invenire
819 3978 976 4061 poteraut
1009 3974 1050 4039 de
1081 3973 1147 4039 hiis
1173 3974 1231 4059 qui
1255 3974 1296 4039 de
1318 3974 1455 4040 oonsilio
1479 3980 1514 4039 et

462 4099 598 4142 assensu
631 4076 765 4143 fuerant
798 4076 840 4141 ad
873 4074 1139 4140 denunciandum
1172 4076 1372 4141 sententiam
1398 4080 1514 4141 contra

461 4180 609 4267 reginam
641 4183 676 4244 et
710 4178 817 4243 filium
850 4181 886 4243 et
919 4176 1000 4242 alios
1031 4178 1192 4254 coexuies,
1215 4182 1255 4242 ut
1286 4178 1514 4263 supradictum

461 4286 520 4360 est,
542 4284 649 4347 morte
682 4281 906 4367 plecterentur
937 4278 966 4341 si
997 4277 1055 4363 qui
1086 4278 1215 4343 inventi
1238 4282 1347 4345 essent
1369 4280 1404 4343 in
1427 4278 1513 4344 Lon-

491 4580 501 4613 ¹
518 4581 590 4631 Hem
609 4594 644 4630 on
663 4578 763 4645 margin
779 4578 811 4628 of
818 4576 852 4629 Δ.
864 4578 927 4643 only
937 4574 960 4627 is
1045 4574 1255 4637 ⁸daeeolooeraat,
1266 4578 1340 4629 MSS.

460 4659 582 4724 Haqode
595 4660 709 4723 spenser
718 4656 865 4709 distractas.
1045 4654 1192 4723 (ΜΝ
1212 4658 1353 4719 ditum.

454 4738 503 4867 ug
524 4737 624 4803 Ctepa]
655 4738 763 4802 Schepa,
785 4737 838 4797 A.;
868 4734 959 4801 Sisapo,
