3625 5784
433 872 497 934 116
781 882 928 931 sununs
953 879 1136 932 nnrouuon

476 1079 541 1136 Hoc
563 1098 641 1137 anno
663 1080 821 1136 insurrexit
843 1085 945 1137 contra
967 1097 1066 1152 regem
1089 1077 1250 1135 Henricum
1274 1078 1418 1134 Robcrtus
1446 1077 1483 1132 de
1497 1071 1562 1122 Item
1575 1069 1622 1121 ibi·

431 1170 561 1226 Belismo
581 1169 676 1242 major
706 1170 834 1226 liliorum
856 1170 966 1242 Rogeri
988 1170 1024 1226 de
1056 1169 1159 1225 Monte
1191 1168 1343 1225 Gomarioo
1366 1167 1481 1227 comitis
1495 1139 1648 1256 {mugi}

433 1260 559 1332 Salopiae
593 1259 749 1316 obfirmans
772 1259 891 1315 castella
925 1277 977 1315 sua
1000 1258 1157 1331 salopiam,
1191 1259 1303 1329 Brugg,
1336 1256 1480 1324 Arundel,
1643 1243 1649 1255 ¹

431 1349 566 1405 Tikehul
613 1349 773 1405 wallenses
803 1349 893 1405 etiam
926 1350 1024 1421 plures
1056 1353 1157 1404 contra
1196 1365 1297 1419 regem
1331 1346 1479 1403 excitavit.

368 1457 376 1470 ·
433 1438 493 1494 Sed
513 1457 565 1494 rex
587 1437 664 1494 inira
686 1441 731 1495 to.
756 1438 819 1494 dies
849 1455 949 1494 omnes
972 1437 1038 1494 illos
1061 1436 1196 1493 inimicos
1229 1437 1318 1510 oepit,
1342 1436 1480 1492 Walanos

431 1527 517 1584 donis
554 1533 584 1584 et
627 1528 778 1601 promissis
822 1528 963 1600 corrupit,
1001 1527 1097 1599 ipsum
1145 1526 1281 1583 comitem
1319 1526 1479 1582 Itobertum

431 1617 574 1688 Angliam
606 1617 739 1688 abjurare
761 1616 863 1689 coegit
911 1617 1040 1687 Navigat
1074 1616 1124 1672 ille
1157 1616 1378 1673 Normanniam.
1424 1614 1480 1672 oui

431 1707 491 1762 cito
528 1707 712 1780 postmodnm
746 1706 914 1762 Willelmus
951 1705 1002 1778 qni
1037 1705 1095 1762 fuit
1133 1724 1228 1763 comes
1268 1704 1410 1761 Mortonii
1447 1704 1479 1760 in

431 1795 614 1851 Normannia
635 1815 669 1852 ao
702 1796 792 1852 etiam
813 1813 910 1852 comes
933 1795 1088 1852 Ooruubiae
1120 1795 1152 1850 in
1174 1796 1294 1868 Anglia,
1329 1795 1399 1867 quia
1429 1813 1479 1850 rex

431 1884 488 1939 sibi
509 1891 667 1957 negaverat
689 1886 861 1941 comitatum
884 1884 1008 1951 Oautiae,
1031 1885 1257 1956 transnavigans
1279 1903 1309 1940 se
1332 1882 1477 1952 adjunxit.

431 1972 485 2028 Hii
522 1974 580 2031 duo
617 1993 684 2030 cum
722 1974 782 2030 suis
819 1973 1009 2046 complicibus
1054 1975 1085 2030 in
1124 1974 1306 2031 Normannia
1352 1973 1479 2028 multum

430 2063 645 2133 grassabantm·
691 2065 755 2134 Quo
790 2063 890 2120 audito
924 2081 975 2119 rex
997 2063 1144 2120 Heusicus
1178 2063 1364 2136 omniaque
1396 2067 1480 2118 erant

431 2152 547 2208 comitis
577 2153 717 2209 Mortonii
740 2153 772 2208 in
806 2151 916 2225 Anglia
948 2153 1003 2209 sibi
1035 2152 1168 2226 arripuit,
1191 2159 1222 2209 at
1253 2157 1318 2225 post
1350 2153 1414 2208 haeo
1448 2151 1479 2206 in

430 2241 642 2300 Normanniam
679 2243 889 2310 tramlretevit,
927 2260 1015 2314 quam
1054 2243 1109 2298 sibi
1140 2261 1201 2298 non
1241 2243 1304 2298 sine
1336 2241 1479 2313 sanguiue

429 2331 614 2404 subjugavit;
646 2333 719 2388 duos
750 2331 870 2388 comites
902 2332 1057 2404 predictos
1087 2337 1228 2404 perpetuo
1250 2349 1364 2388 carcere
1394 2348 1478 2386 man-

429 2421 549 2492 cipavit,
572 2422 651 2478 viros
673 2421 791 2495 quidem
813 2420 1010 2478 simulationis
1033 2426 1063 2476 et
1093 2423 1219 2492 argutiae
1251 2421 1359 2494 plenos.
1407 2419 1477 2475 Post

427 2509 492 2566 hsso
513 2529 565 2566 rex
588 2511 734 2568 Henricns
756 2529 899 2566 summam
923 2528 1023 2583 paoem
1046 2511 1077 2566 in
1101 2510 1282 2566 Normannia
1301 2510 1477 2582 relinquens,

427 2598 570 2671 Angliam
591 2601 691 2667 rediit,
714 2607 817 2657 contra
850 2601 928 2656 fures
951 2606 981 2657 ct
1004 2601 1135 2656 falsarios
1157 2600 1274 2656 acerbas
1305 2600 1383 2671 leges
1417 2599 1477 2655 edi·

428 2688 483 2756 dit,
506 2689 700 2763 privationem
723 2691 836 2746 scilieet
868 2690 1030 2756 oculorum,
1054 2689 1267 2756 testiculorum,
1291 2689 1385 2762 pugni
1407 2706 1477 2744 cou-

427 2777 563 2835 tinentes.
609 2780 722 2837 Deinde
768 2779 883 2851 subegit
933 2779 1045 2846 Scotos,
1078 2778 1228 2836 Wslenses
1274 2783 1304 2833 et
1342 2777 1477 2834 Britoncs

425 2868 645 2935 transmarinos,
662 2888 697 2924 ao
718 2870 808 2926 etiam
828 2887 929 2940 regem
945 2869 1147 2942 Lodovycum.
1193 2868 1306 2924 Deinde
1321 2867 1477 2940 perendin-

425 2963 494 3013 ante
530 2977 600 3029 rege
633 2960 762 3015 Henrico
792 2960 825 3014 in
863 2959 1044 3015 Normannia
1075 2957 1195 3014 accessit
1227 2957 1365 3013 Kalixtns
1403 2975 1478 3030 papa

425 3064 515 3121 prope
550 3048 761 3104 Normanniam
795 3054 830 3103 ut
861 3049 938 3104 inter
972 3054 1077 3105 caetera
1111 3047 1273 3103 Henrioum
1305 3065 1406 3118 regem
1441 3048 1476 3103 de

425 3135 653 3194 incarceratione
690 3138 789 3194 fratris
826 3138 872 3193 sni
910 3138 1032 3193 Roberti
1063 3135 1288 3193 Ierosolimitani
1326 3137 1476 3210 peregrini

424 3227 555 3298 asperius
585 3227 761 3294 conveniret,
784 3226 837 3282 sed
858 3226 1067 3283 verisimilibus
1089 3227 1234 3298 responsis
1257 3225 1382 3298 receptis
1405 3243 1475 3282 oon-

423 3315 544 3385 quievit
593 3316 718 3371 Possunt
755 3316 834 3371 euim
857 3333 1025 3372 communes
1056 3316 1114 3372 loci
1145 3315 1225 3371 illius
1248 3314 1285 3370 ad
1317 3303 1475 3387 quamvis¹

422 3409 536 3475 partem
573 3405 685 3460 inflecti
721 3423 773 3477 per
821 3404 988 3460 facundiam
1026 3406 1147 3462 oratoris
1184 3423 1271 3478 quam
1311 3405 1474 3476 praesertim

422 3498 564 3549 exornant
600 3495 732 3562 exennia,
770 3500 801 3549 et
837 3500 872 3550 ut
910 3494 984 3550 nihil
1023 3513 1137 3567 pompas
1175 3495 1287 3552 deesset
1320 3495 1390 3550 fecit
1422 3511 1474 3549 rex

419 3581 593 3652 juvenculos
631 3583 769 3656 quosdam
808 3583 884 3639 filios
919 3585 1035 3640 comitis
1073 3585 1109 3640 de
1147 3583 1275 3640 Melento
1319 3583 1474 3654 illaqueare

423 3672 585 3728 cardinales
633 3678 705 3728 tunc
742 3679 899 3746 presentes
943 3673 1004 3729 suis
1049 3673 1199 3728 tortilibus
1236 3673 1472 3744 sophismatibus,

421 3762 499 3816 unde
534 3780 593 3816 non
627 3761 733 3834 puduit
756 3762 916 3818 cardinales
950 3763 1046 3830 fateri,
1070 3763 1205 3818 occiduas
1238 3763 1339 3834 plagas
1371 3761 1473 3834 majori

422 3850 524 3905 florere
555 3852 661 3923 peritia
684 3852 835 3907 literarum
865 3870 953 3924 qnam
987 3853 1042 3924 ipsi
1065 3852 1219 3908 audissent
1266 3853 1355 3922 Hugo
1379 3869 1474 3907 comes

423 3939 584 3995 cestrensis
607 3957 697 4013 nepos
718 3941 796 4013 regis
819 3941 961 3998 Willelmi
985 3941 1183 4014 conquestoris
1205 3960 1240 3998 ox
1262 3946 1345 4014 parte
1368 3941 1474 3997 sororis

421 4013 512 4095 obitas
539 4030 587 4084 cni
610 4030 748 4086 successit
776 4029 855 4085 filius
886 4049 956 4086 suns
991 4031 1133 4087 Ricasdns
1165 4049 1238 4103 puer
1259 4032 1285 4088 ’7.
1320 4049 1471 4086 annorum.

421 4119 578 4175 Anselmus
600 4120 743 4175 celebrato
774 4120 897 4176 concilio
921 4121 1080 4177 Londoniae
1113 4121 1212 4192 plures
1234 4121 1351 4177 abbates
1383 4120 1471 4192 depo-
1485 4105 1630 4169 ΤΠΜΟῙ.

421 4209 490 4275 suit,
516 4209 689 4266 emisione
710 4209 891 4280 signiacum
914 4209 951 4265 as
966 4210 1080 4265 firmam
1103 4209 1260 4282 prohibuit
1308 4210 1471 4266 Sodomita
1484 4173 1558 4224 ²³⁷⁷·

421 4298 552 4370 quolibet
589 4300 637 4354 dio
669 4299 816 4354 dominico
853 4299 1148 4355 excommunicandos
1186 4299 1306 4355 censuit.
1354 4299 1413 4356 Sod
1442 4305 1472 4356 ct

420 4387 477 4443 hoc
500 4389 686 4460 postmodum
710 4388 891 4455 retractavit,
909 4406 977 4443 nam
1000 4388 1161 4460 publicatio
1176 4388 1265 4460 hujus
1287 4389 1353 4444 vitii
1374 4387 1472 4460 pravis

420 4477 568 4536 mentibus
601 4479 692 4534 fomes
723 4479 782 4534 fuit
818 4476 939 4551 maioris
970 4477 1100 4534 audacia
1133 4477 1242 4534 similia
1276 4479 1471 4553 perpetrandi.

812 4819 820 4853 ¹
837 4817 982 4884 aaziae,
994 4819 1073 4888 Htgd.
