3625 5784
854 892 892 954 17

337 1094 513 1178 [Rolloni]‚¹
527 1105 616 1179 probe
631 1103 798 1184 adquisierit.
830 1105 897 1161 Dux
920 1104 1014 1178 igitur
1028 1105 1173 1164 Robertus
1187 1107 1396 1182 lerosolymam

337 1196 463 1253 tendens
492 1195 632 1252 transivit
665 1213 717 1267 per
747 1194 961 1267 Burgundiam,
985 1193 1037 1252 ubi
1060 1194 1132 1252 dum
1160 1215 1247 1254 mane
1269 1198 1393 1256 ultimus

338 1286 471 1342 omnium
494 1285 716 1359 peregrinorum
737 1290 852 1358 portam
874 1283 977 1351 exiret,
1000 1303 1020 1341 a
1048 1285 1178 1359 porterio
1200 1305 1269 1343 oum
1290 1288 1395 1346 baculo

338 1393 491 1449 percussus
527 1381 592 1442 est;
631 1375 683 1447 qui
716 1373 816 1431 statim
854 1374 907 1430 deo
938 1375 1051 1447 gratias
1081 1392 1183 1447 agens,
1214 1376 1291 1433 dixit
1321 1379 1393 1446 suis,

340 1465 358 1492 “
381 1465 482 1522 Nolite
507 1483 554 1522 me
576 1465 726 1522 vindicare
749 1464 818 1537 quis
838 1463 945 1536 majori
965 1465 1045 1522 malo
1078 1465 1186 1538 dignus
1218 1484 1304 1534 snm;
1339 1486 1395 1541 ego

321 1594 324 1598 -
341 1555 359 1582 “
381 1555 500 1627 [diligo]
512 1544 525 1586 ²
539 1554 629 1610 istum
653 1554 744 1611 iotum
761 1555 827 1628 plus
854 1572 943 1627 quam
957 1559 1052 1611 totam
1067 1555 1315 1628 Rothomagum.'’
1354 1559 1394 1616 Et

340 1645 462 1702 Romam
478 1645 598 1701 veniens
614 1662 729 1702 oruoem
752 1664 770 1700 a
789 1662 864 1717 pepe
880 1645 1014 1717 susoepit.
1060 1645 1173 1702 Mulam
1188 1646 1236 1703 oui
1249 1646 1395 1705 insederat

338 1734 410 1792 feeit
440 1752 510 1792 auro
543 1735 647 1791 ferrari
680 1739 710 1791 et
742 1733 895 1808 prohibuit
928 1734 1064 1790 omnibus
1100 1736 1162 1791 suis
1198 1753 1237 1792 ne
1274 1738 1390 1810 quande

337 1825 489 1881 ferraturas
513 1825 650 1882 oederent
671 1841 720 1881 eae
747 1823 962 1896 recolligerent.
1009 1824 1084 1880 Inde
1106 1825 1390 1899 Constantinopolim

339 1915 377 1970 ud
399 1915 604 1987 imperatorem
619 1914 740 1971 veniens
763 1919 793 1970 et
817 1931 885 1970 eum
908 1932 943 1969 eo
965 1914 1087 1986 loquens
1110 1904 1219 1984 [oum]³
1241 1933 1390 1973 soamnum

338 2021 399 2060 non
427 2005 583 2061 haberetur
614 2003 646 2059 in
669 2003 764 2070 dome,
789 2003 866 2061 sedit
895 2021 983 2076 super
1016 2002 1139 2076 pallium
1172 2006 1323 2078 proprium
1345 2025 1390 2062 se-

339 2093 468 2150 eundum
500 2111 612 2150 morem
643 2095 747 2166 patriae
778 2111 849 2162 suae,
879 2098 910 2149 et
941 2092 973 2148 id
1006 2092 1086 2148 idem
1117 2094 1249 2150 fecerunt
1280 2094 1391 2152 milites

338 2185 395 2240 sui
430 2184 589 2254 Surgentee
611 2187 710 2240 autern
733 2183 811 2239 siout
832 2182 891 2238 dux
913 2187 1092 2255 praeoeperat
1113 2182 1287 2240 dimiserunt
1301 2184 1391 2258 pallia

338 2291 392 2329 sua
413 2273 464 2341 ibi,
486 2273 626 2339 dieentes,
650 2291 681 2330 se
710 2291 771 2329 non
794 2272 897 2329 debere
920 2290 1018 2329 seoum
1041 2272 1154 2330 auferre
1176 2264 1306 2330 sedilia⁴
1327 2292 1389 2332 sua.

339 2363 380 2418 Et
401 2362 471 2420 dum
503 2363 648 2419 Robertus
679 2368 832 2434 rogaretur
863 2362 899 2418 ab
933 2363 1108 2434 imperatore
1140 2369 1275 2436 sumptus
1296 2365 1334 2420 ab
1355 2383 1390 2420 eo

338 2452 479 2524 aooipere,
516 2451 668 2525 respondit
704 2469 735 2508 se
772 2452 848 2508 velle
886 2452 957 2507 dum
994 2451 1230 2524 peregrinaretur
1261 2453 1298 2509 de
1335 2470 1389 2510 suo

337 2543 446 2610 rivere,
479 2541 530 2598 sed
567 2542 599 2596 in
636 2541 784 2598 redeundo
819 2559 849 2596 se
882 2541 957 2597 rollo
989 2540 1173 2613 imperatoris
1206 2543 1389 2600 voluntatem

338 2633 440 2688 faeere.
486 2633 649 2703 Imperator
679 2630 769 2702 jussit
802 2649 839 2687 ne
863 2630 929 2703 quis
962 2630 990 2687 ei
1022 2629 1105 2702 ligna
1137 2632 1174 2687 ad
1198 2633 1389 2705 *eoquendum

338 2721 417 2777 eibos
440 2738 506 2777 suos
528 2721 674 2777 venderet.
720 2719 762 2778 At
784 2720 843 2775 dux
873 2737 962 2776 nuces
993 2720 1074 2786 emit,
1098 2721 1204 2792 quibus
1226 2721 1305 2778 coxit
1326 2722 1389 2779 vio·

338 2810 439 2866 tunlia.
499 2812 663 2882 Imperator
695 2809 843 2866 admirans
881 2809 964 2866 dnois
994 2809 1169 2882 probitatem
1205 2811 1312 2866 banoos
1334 2803 1389 2866 st⁸

339 2900 372 2955 in
394 2900 474 2956 ouria
496 2917 549 2956 sua
580 2899 685 2956 statuit
718 2899 855 2972 deinoeps
878 2899 942 2956 loeo
963 2899 1121 2972 pelliorum
1144 2916 1273 2954 suorum.
1318 2901 1389 2955 Post

337 2990 402 3046 baeo
425 2989 484 3045 dux
506 2989 662 3060 agrotavit
683 2990 715 3044 in
738 2988 842 3046 itinere
866 2989 944 3061 quod
965 3005 1061 3061 neque
1076 2987 1119 3045 ire
1139 3005 1235 3060 nequo
1257 2988 1389 3061 equitare

339 3078 446 3150 potuit,
482 3097 539 3152 qua
561 3078 597 3134 de
633 3097 720 3136 causa
753 3077 894 3136 eonduxit
918 3079 1076 3135 Saraoenoa
1110 3077 1162 3150 qui
1193 3095 1261 3134 eum
1283 3077 1319 3134 de
1342 3077 1390 3134 die

338 3168 448 3224 ferrent
469 3168 501 3223 in
524 3169 630 3225 feretro
662 3186 749 3240 super
782 3168 926 3224 humeros.
971 3167 1058 3225 Unde
1080 3166 1196 3223 cuidam
1218 3167 1389 3225 Normanno

338 3258 457 3314 domum
479 3257 614 3316 redeunti
642 3258 732 3331 jussit
755 3259 814 3314 dux
837 3263 871 3314 ut
892 3256 1073 3315 Normannis
1102 3274 1233 3314 rumores
1256 3258 1293 3316 de
1314 3258 1389 3316 duoe

337 3347 533 3420 quarentibus
556 3348 675 3416 diceret,
710 3348 729 3375 ‘⁴
743 3348 820 3421 quod
853 3347 968 3404 viderat
997 3346 1142 3404 daemones
1175 3346 1280 3404 duoem
1313 3348 1388 3406 serre

339 3439 359 3463 “
383 3455 484 3494 versus
507 3437 642 3495 oaelum.’'
689 3437 845 3494 Saracenos
878 3437 1002 3493 rooebat
1036 3437 1193 3505 dromones,
1226 3439 1387 3495 Ierusalem

339 3527 453 3584 ooelum.
499 3528 570 3584 Fuit
592 3527 771 3584 consuetudo
794 3527 872 3600 quod
894 3527 995 3582 nullus
1018 3525 1204 3583 Christianus
1226 3527 1386 3584 Ierusalem

338 3617 440 3674 urbem
471 3617 531 3674 niei
564 3617 658 3689 pretio
690 3618 820 3672 intraret
867 3616 954 3673 Unde
984 3616 1073 3671 multi
1105 3616 1253 3689 peregrini
1275 3616 1312 3674 de
1334 3619 1387 3674 ad·

303 3743 309 3756 ·
337 3711 428 3764 ventu
447 3707 530 3764 duoie
553 3705 705 3764 audientes
729 3705 871 3762 auxilium
893 3706 931 3762 eb
953 3723 988 3762 eo
1010 3705 1156 3778 petebant
1200 3705 1312 3776 Quibus
1335 3707 1387 3763 ille

337 3815 389 3870 per
420 3814 469 3854 eor
502 3797 614 3854 ventris
646 3797 693 3852 eui
721 3795 842 3867 juravit,
872 3795 951 3869 quod
982 3812 1069 3870 quem
1101 3796 1152 3852 diu
1182 3795 1301 3854 dumret
1331 3795 1387 3852 sibi

337 3904 413 3944 unus
434 3887 571 3944 denarius
604 3885 667 3958 ipse
701 3886 825 3941 ultimus
858 3884 1003 3942 introiret.
1049 3884 1133 3955 Quod
1155 3884 1276 3942 audiens
1300 3885 1386 3942 Sara-

337 3993 425 4034 oeuus
448 3976 584 4033 dominus
617 3974 698 4032 urbis
721 3976 809 4033 etde
841 3974 907 4032 aliie
938 3972 1003 4046 ojus
1035 3973 1230 4048 probitatibus
1260 3975 1385 4043 audiret,

335 4066 485 4138 probibuit
508 4066 609 4122 statim
639 4083 678 4122 ne
699 4065 856 4138 quiequam
879 4064 916 4121 de
938 4083 972 4122 eo
994 4069 1047 4122 aut
1069 4064 1105 4122 de
1127 4082 1195 4121 eum
1217 4057 1401 4123 eomitantl?

335 4155 389 4211 bue
423 4159 584 4229 oeperetur,
622 4159 652 4210 et
682 4159 774 4211 totam
807 4154 984 4211 oblationem
1018 4153 1098 4211 illius
1129 4154 1189 4210 diei
1223 4154 1325 4212 statim
1358 4154 1387 4212 ei

367 4373 470 4426 ¹me
492 4375 527 4426 A.
560 4373 594 4424 In
609 4371 671 4439 MS.
701 4373 762 4440 only
785 4388 834 4424 see.
886 4374 937 4424 and
955 4387 1025 4437 upon
1045 4371 1145 4422 thetis
1167 4369 1268 4421 written
1283 4384 1387 4421 reomao

334 4467 402 4506 men.
877 4452 948 4517 serit
971 4453 1000 4502 iu
1021 4449 1084 4500 toria
1109 4448 1250 4515 palliorum
1277 4463 1386 4498 morsa.

366 4528 425 4582 ’In
443 4531 501 4584 MS.
520 4531 582 4597 only
594 4529 694 4582 written
714 4545 749 4581 on
769 4545 835 4581 mar-
884 4529 917 4580 Iu
929 4531 964 4580 A.
976 4543 1078 4580 scanne
1085 4527 1156 4592 serit
1173 4525 1196 4577 is
1215 4524 1388 4577 writteuover

334 4609 636 4675 gimbutintextofA.
884 4607 1100 4660 inalaterbaud.
1133 4604 1189 4656 The
1206 4610 1262 4655 text
1271 4603 1299 4654 iu
1310 4604 1346 4656 A.
1364 4605 1387 4655 is

365 4688 469 4741 ’From
480 4691 515 4742 A.
550 4689 813 4756 InMS.onmargIn.
884 4687 1004 4736 etruria
1020 4699 1069 4735 suo
1084 4682 1178 4732 statuit
1194 4680 1313 4748 ddnoeps
1331 4681 1388 4733 loca

366 4767 486 4830 meula,
497 4770 555 4820 MS.
567 4769 619 4819 end
630 4771 664 4820 A.
675 4784 768 4820 errore.
886 4765 1029 4828 (corrected
1045 4761 1098 4813 into
1110 4759 1186 4824 loco).
1220 4759 1387 4825 Higd.omite

367 4845 468 4899 ⁵Aiter
484 4855 509 4900 et
527 4849 549 4900 is
561 4863 596 4899 en
608 4863 709 4900 erasure
728 4848 834 4908 iens..
886 4848 917 4893 et·

421 4975 437 5011 o
472 4965 566 5015 51971,
1232 4947 1252 4995 Β
