3625 5784
416 863 479 935 176
760 853 1116 930 susmur'umusrou

414 1079 497 1153 genti
531 1079 560 1134 in
593 1078 684 1135 fundo
716 1096 777 1145 suo.
802 1077 883 1134 misit
918 1095 1056 1149 magnum
1087 1075 1218 1132 thesauri
1250 1079 1363 1149 purtem
1396 1073 1462 1146 regi

416 1169 551 1236 Bicsrdo,
576 1167 626 1224 sed
649 1169 700 1226 illo
714 1167 870 1235 recusavit,
894 1165 1004 1233 dicens,
1028 1185 1059 1225 se
1091 1172 1188 1224 totum
1218 1166 1324 1222 hebere
1357 1164 1462 1221 debere

415 1259 538 1332 dejure
561 1259 767 1314 dominationis
791 1276 860 1326 suae,
885 1257 963 1330 quod
985 1263 1084 1314 tumen
1106 1257 1182 1312 nlius
1203 1256 1358 1312 recusavit.
1405 1255 1461 1311 Ob·

415 1349 491 1406 ssdit
522 1350 614 1422 igitur
645 1367 695 1406 rex
718 1354 844 1405 cestrum
866 1347 1057 1414 vicecomitis,
1081 1347 1158 1420 quod
1180 1348 1339 1402 vocsbutur
1361 1345 1461 1409 Culus,

415 1445 521 1512 putans
553 1439 595 1495 ibi
626 1439 794 1495 thesaurum
826 1438 926 1494 inesse.
978 1437 1033 1494 cui
1064 1436 1194 1492 ministri
1216 1437 1304 1492 castri
1326 1440 1464 1492 exeuntes

415 1530 585 1603 optulerunt
617 1528 682 1600 regi
715 1533 842 1584 castrum
877 1545 945 1584 cum
978 1527 1134 1592 contentis,
1159 1526 1247 1582 solvis
1269 1526 1378 1582 eisdem
1400 1525 1463 1580 vite

414 1619 552 1676 membris
573 1623 604 1676 ct
626 1618 735 1684 ermis;
759 1619 859 1674 renuit
888 1635 949 1684 rex,
972 1617 1125 1690 imponens
1157 1615 1217 1670 illis
1248 1621 1283 1672 ut
1310 1615 1463 1671 redeuntes

417 1709 540 1766 virilitor
561 1728 592 1766 se
615 1707 781 1764 defenduut.
828 1706 901 1763 (lum
926 1707 1018 1778 igitur
1040 1725 1091 1762 rex
1114 1705 1162 1762 die
1194 1691 1373 1779 quudsm'et
1403 1705 1462 1760 dux

415 1799 581 1856 Brsbsntiae
619 1798 776 1854 circuirent
813 1803 953 1863 castrum,
992 1802 1027 1852 ut
1067 1795 1230 1852 infirmiora
1268 1795 1462 1868 explorarent,

415 1888 532 1961 quidam
548 1887 722 1943 sroubsliste
736 1875 928 1943 Bertrsmus¹
945 1885 1065 1942 Gurdon
1087 1886 1147 1942 telo
1169 1904 1269 1957 regem
1292 1885 1323 1939 in
1345 1884 1463 1941 brechio

414 1978 587 2034 vulueravit.
624 1977 718 2048 Quare
741 1977 883 2048 praecspit
904 1993 955 2031 rex
978 1965 1120 2043 omnino,2
1143 1982 1177 2031 ut
1202 1981 1330 2031 castrum
1345 1993 1463 2048 cupere·

415 2073 473 2134 tur,
499 2077 529 2122 et
551 2085 652 2123 omnes
684 2056 789 2123 intus³
811 2066 1067 2137 suspenderentur,
1092 2071 1212 2139 excepto
1244 2083 1296 2121 suo
1327 2067 1463 2121 vulneru-

415 2163 497 2224 tors;
529 2155 606 2230 quod
639 2161 670 2212 et
701 2156 810 2212 fuctum
844 2160 896 2211 est.
944 2155 1018 2211 Cum
1041 2154 1134 2226 igitur
1155 2160 1284 2212 extracto
1306 2155 1360 2211 teli
1382 2155 1464 2225 ligno
1489 2199 1495 2209 .

416 2247 467 2303 sed
489 2251 626 2303 manente
649 2247 735 2313 ferro,
759 2263 794 2301 cx
817 2262 960 2301 venarum
981 2249 1012 2301 et
1037 2264 1192 2302 nervorum
1215 2244 1357 2302 incisione
1386 2262 1464 2300 nouo

415 2342 481 2410 post
512 2337 567 2392 hoc
589 2336 637 2392 die
657 2354 708 2392 rex
732 2341 807 2391 esset
829 2326 1015 2403 moriturus*
1038 2334 1175 2392 udsoouri
1198 2335 1269 2391 fecit
1290 2334 1459 2392 vulnerato·

415 2444 474 2482 rom
500 2443 585 2482 suum
608 2426 651 2482 sic
673 2425 818 2499 inquiens,
844 2427 863 2452 ‘⁴
881 2425 959 2495 Quid
974 2443 1114 2498 umquem
1135 2425 1207 2480 muli
1229 2423 1285 2481 tibi
1306 2424 1363 2482 leci
1385 2424 1463 2497 quod

415 2516 433 2542 “
459 2534 504 2571 mc
527 2515 565 2571 sd
587 2519 712 2572 mortem
737 2515 896 2572 vulnerasti
909 2516 922 2573 P
935 2507 951 2531 ”
985 2515 1024 2571 Et
1046 2515 1105 2584 ille,
1139 2515 1158 2540 “
1171 2515 1287 2570 Patrem
1310 2531 1409 2570 meum
1432 2518 1463 2569 et

416 2607 435 2632 ‘⁸
461 2605 533 2660 dnos
555 2605 659 2661 fratres
680 2623 760 2661 meos
783 2604 927 2672 occidisti,
950 2611 981 2660 et
1003 2622 1050 2660 me
1072 2603 1158 2660 modo
1182 2604 1311 2662 occidere
1332 2603 1465 2671 voluisti,

417 2696 436 2723 “
461 2695 555 2768 placet
576 2693 651 2750 mihi
674 2712 885 2767 quemcumque
909 2712 1028 2767 poensm
1050 2693 1147 2750 subire
1170 2694 1327 2751 dummodo
1350 2700 1384 2750 tu
1415 2713 1463 2749 oc-

417 2787 437 2812 “
461 2775 606 2842 cumbes.''
644 2785 726 2840 'luno
737 2782 827 2856 jussit
840 2803 892 2840 rsx
907 2802 975 2840 eum
989 2785 1080 2840 libere
1095 2783 1184 2851 obire,
1201 2784 1273 2839 duns
1288 2785 1333 2840 illi
1348 2791 1466 2840 centum

416 2875 523 2932 solidos
557 2875 773 2946 sterlingorum.
821 2874 879 2930 Sed
917 2879 984 2946 post
1025 2873 1104 2945 regis
1145 2874 1258 2929 obitum
1300 2875 1370 2930 fecit
1407 2873 1466 2929 dux

416 2964 582 3020 Brubcntiae
605 2982 672 3020 sum
694 2965 871 3020 excoriatum
894 2963 1038 3036 suspendi
1085 2963 1202 3019 Mortuo
1226 2963 1320 3034 igitur
1342 2963 1464 3019 Ricsrdo

415 3045 480 3127 vij.¹⁵
503 3052 569 3109 idus
590 3053 702 3126 Aprilis
717 3071 821 3128 corpus
837 3051 899 3124 ejus
923 3052 954 3108 in
970 3058 1029 3108 tres
1051 3059 1149 3126 portes
1164 3053 1292 3109 divisum
1314 3054 1346 3108 in
1373 3053 1465 3108 tribus

418 3145 489 3200 locis
512 3143 658 3216 sepelitur.
705 3143 791 3200 Unde
814 3143 934 3216 quidum
956 3141 1094 3200 metricus
1116 3142 1159 3199 sic
1181 3144 1230 3199 uit.

908 3374 1026 3433 Versus

506 3511 629 3568 Viscera
651 3511 826 3580 Osrleolum,
849 3530 954 3586 corpus
976 3514 1042 3569 fons
1064 3520 1161 3570 ssmt
1182 3514 1318 3582 Ebrurdi⁸

552 3603 589 3656 Et
613 3619 662 3656 eor
685 3600 891 3673 Rotomagum‚
915 3621 1021 3674 magns
1045 3603 1178 3670 Ricrrde,
1202 3610 1295 3661 tuum.

507 3691 543 3746 In
566 3690 624 3745 trie
647 3690 789 3748 dividitur
812 3711 897 3758 unus,
922 3693 990 3765 quie
1012 3693 1079 3766 plus
1101 3693 1161 3748 fuit
1181 3711 1251 3761 uno,

550 3781 612 3838 Noc
635 3786 765 3854 superest
786 3798 846 3837 uno
868 3780 965 3853 gratis
986 3787 1069 3838 tsnto
1090 3783 1162 3839 viro.

417 3918 508 3988 [Item
532 3919 608 3974 elius
630 3907 806 3988 metricus.]⁶

506 4032 622 4089 Christe
647 4033 691 4088 tui
713 4031 813 4089 culicis
836 4034 935 4106 praedo
958 4033 992 4090 fit
1014 4035 1113 4106 praedu
1136 4035 1262 4104 Culucis,

549 4124 619 4178 AElre
641 4122 723 4180 brevi
746 4121 836 4179 deicis
859 4122 912 4195 qui
934 4124 1006 4180 tulit
1028 4142 1087 4181 aers
1109 4127 1211 4184 erucis.

506 4209 564 4268 Hic
588 4213 712 4268 Riosrde
731 4211 822 4285 jaces,
847 4213 898 4268 sod
920 4232 999 4269 mors
1022 4215 1047 4271 si
1069 4217 1187 4272 cederet
1209 4218 1300 4276 armis

551 4300 640 4361 Victe
661 4302 767 4359 timore
789 4301 834 4358 tui
857 4301 972 4360 coderet
993 4323 1075 4362 arms
1096 4307 1166 4364 tuis.

1096 4443 1102 4448 .
1113 4443 1396 4459 ———-——...
1411 4457 1417 4460 ,

450 4501 458 4534 ¹
477 4499 643 4552 Bsrtruudus
657 4497 883 4565 Gurdosnffligd.
966 4508 1044 4553 morte
1064 4506 1131 4569 repis
1156 4506 1272 4559 Ricardi.
1315 4512 1346 4562 Iu
1368 4513 1403 4563 A.
1427 4512 1470 4564 tte

449 4579 555 4646 2Ηὶςεὶ.
583 4582 668 4645 pisces
696 4579 795 4630 emino
828 4579 917 4630 before
967 4582 1066 4649 margin
1089 4584 1136 4635 hss
1164 4587 1253 4653 nearly
1275 4589 1403 4652 perished‚
1421 4593 1470 4653 but

417 4665 559 4806 rupem}
579 4752 623 4788 om
643 4735 676 4787 Hi
695 4739 712 4787 (1
968 4659 1121 4790 minoem
1132 4663 1181 4793 {s
1193 4672 1274 4718 truces
1286 4666 1446 4722 oftheuote.

451 4817 462 4851 ⁴
477 4758 548 4872 llere
567 4815 594 4867 in
612 4758 754 4888 dusinus
767 4816 823 4870 MS.
842 4815 864 4868 is
876 4815 920 4868 De
1003 4817 1107 4872 ⁸From
1117 4745 1212 4892 ‚Egi
