3625 5784
608 870 876 920 esronsramrsrs
898 871 1108 923 cflaomcou.
1313 860 1376 924 193

324 1055 432 1121 Istum
455 1056 590 1122 beatum
624 1057 834 1124 Francisoum
868 1058 967 1123 multi
998 1057 1126 1124 nobiles
1159 1062 1194 1123 et
1216 1056 1377 1144 ignobiles

325 1159 434 1224 clerici
470 1167 505 1225 et
544 1159 642 1226 laici1
677 1167 788 1248 spreta
819 1161 959 1226 seculari
992 1182 1114 1247 pompa
1151 1162 1255 1227 secuti
1289 1164 1479 1236 sunt,0fth0

327 1262 397 1346 ejus
420 1262 571 1348 vestigiis
605 1263 821 1342 adhaerentes
853 1285 935 1348 quos
973 1269 1067 1349 pater
1099 1269 1232 1330 sanctus
1264 1262 1377 1327 docuit
1389 1239 1515 1355 {iugem

326 1364 551 1451 evangelicam
613 1365 852 1452 perfectionem
908 1367 1096 1452 adimplere,
1148 1370 1377 1451 paupertatem
1389 1370 1503 1424 Francis.

329 1466 583 1552 apprehendere,
629 1473 664 1531 et
717 1489 776 1554 per
836 1469 927 1532 viam
981 1473 1104 1533 sanotae
1156 1467 1379 1553 simplicitatis

329 1567 485 1633 incedere.
532 1569 673 1655 Scripsit
706 1573 867 1654 praeterea
899 1570 1122 1657 evangelicam
1145 1569 1294 1656 regulam
1316 1569 1380 1632 sibi

330 1676 365 1736 et
388 1671 456 1735 suis
478 1671 637 1737 fratribus
667 1671 792 1737 habitis
825 1678 860 1737 et
893 1671 1062 1750 habendis,
1095 1693 1195 1757 quam
1228 1672 1381 1736 dominus

330 1793 417 1858 papa
449 1771 664 1862 innocentius
696 1772 742 1857 iij.
782 1773 1000 1838 confirmavit.
1047 1773 1197 1859 Cumque
1234 1773 1278 1837 ad
1312 1773 1382 1836 dies

330 1875 626 1960 appropinquasset
664 1881 837 1952 extremos,
872 1875 973 1961 longa
995 1874 1192 1940 infirmitate
1214 1874 1382 1940 confectus
1395 1871 1519 1923 Dfflth0f

307 1997 428 2060 super
460 1977 584 2042 nudam
626 1975 766 2041 humum
806 1977 885 2062 poni
927 1999 962 2042 se
995 1976 1084 2053 fecit,
1123 1983 1158 2042 et
1195 1977 1382 2043 convocatis
1395 1940 1523 2057 ,siim

330 2077 490 2142 fratribus
521 2078 661 2164 singulis
691 2099 810 2143 manus
836 2080 1008 2164 imponens
1039 2078 1193 2143 omnibus
1220 2079 1291 2144 sine
1315 2078 1381 2142 fine

329 2179 509 2257 benedixit,
544 2185 579 2244 et
620 2179 727 2244 instar
764 2201 867 2246 coense
899 2180 1072 2246 dominicae
1109 2181 1249 2266 singulis
1288 2181 1383 2266 panis

333 2281 512 2346 buccellam
555 2282 680 2360 divisit,
715 2282 959 2368 invitabatque,
993 2288 1034 2347 ut
1064 2283 1164 2348 moris
1206 2285 1259 2347 sui
1301 2289 1383 2359 erat,

334 2405 446 2449 omnes
484 2389 650 2450 creaturas
688 2385 731 2450 ad
768 2385 900 2450 laudem
936 2386 1052 2450 mortis
1100 2407 1168 2451 suae
1199 2404 1273 2470 quae
1307 2385 1387 2450 laeta

335 2485 483 2564 occurrit,
501 2493 535 2552 et
551 2487 594 2551 ad
611 2508 708 2551 suum
724 2486 892 2553 invitabat
916 2486 1106 2572 hospitium,
1122 2487 1242 2565 dicens,
1266 2488 1386 2552 “Bene

334 2595 351 2622 “
375 2589 489 2654 veniat
505 2610 596 2653 soror
618 2610 692 2655 mea
708 2587 823 2654 mors.”
868 2588 924 2653 Ad
945 2593 1129 2654 extremam
1146 2589 1250 2674 igitur
1271 2587 1386 2653 horam

336 2691 482 2767 veniens,
505 2691 664 2755 dormivit
688 2692 724 2754 in
748 2691 881 2755 domino
907 2712 995 2756 anno
1018 2689 1165 2775 ejusdem
1188 2706 1386 2754 Mccxxvm.
1402 2701 1470 2751 nl).
1484 2703 1556 2749 less.

334 2791 391 2858 iv0.
415 2791 468 2856 die
508 2791 668 2857 Octobris.
723 2791 822 2857 Anno
854 2790 997 2877 quinto²
1031 2791 1231 2877 praecedenti
1265 2791 1390 2857 scilicet

334 2910 511 2959 mccxxlv.
535 2898 701 2959 venerunt
724 2881 831 2980 primo
854 2895 973 2959 fratres
997 2893 1141 2959 Minores
1172 2895 1208 2958 in
1231 2893 1389 2980 Angliam'

339 2997 373 3060 in
415 2997 499 3064 festo
537 2997 629 3062 beati
668 2996 903 3062 Bartholomaei
940 2997 1087 3082 apostoli.
1154 2996 1389 3062 Praedicatores
1402 2994 1496 3047 ortho-

483 3100 490 3114 ,
745 3099 752 3113 ,
994 3098 1001 3112 ,
1030 3099 1038 3114 ,
1402 3061 1503 3126 coming
1514 3061 1543 3111 of

339 3120 418 3164 vero
442 3121 534 3185 prius
558 3104 720 3165 venerant
743 3119 780 3163 m
804 3121 891 3164 anno
915 3099 1040 3164 dommr
1063 3114 1219 3163 Mccxvn.
1266 3098 1387 3163 Eodem
1401 3129 1474 3179 these

340 3207 497 3286 tempore,
520 3221 608 3265 anno
632 3200 756 3266 scilicet
779 3200 905 3264 domini
929 3217 1049 3265 mcclx.
1077 3201 1194 3265 beatus
1224 3200 1325 3288 Ilugo
1347 3200 1388 3264 fit
1401 3193 1552 3245 cruentato

341 3301 578 3368 Lincolniensis
601 3299 781 3389 episcopus.
828 3302 953 3368 Eodem
977 3309 1133 3389 tempore,
1155 3323 1243 3367 anno
1265 3262 1527 3369 Scilicetltngnnu.

343 3404 470 3470 domini
484 3453 488 3462 .
501 3421 647 3470 nccxnl.
693 3405 845 3492 generale
878 3404 1051 3471 concilium
1086 3405 1269 3470 celebratur
1303 3405 1391 3490 quod

342 3508 465 3574 dicitur
489 3507 710 3574 Lateranense
733 3507 931 3593 praesidente
955 3508 1069 3573 eodem
1094 3529 1182 3594 papa
1198 3507 1392 3572 Innocentio
1404 3499 1469 3618 ξιξ
1470 3582 1517 3616 ran

339 3610 446 3675 terlio·
1403 3633 1512 3684 councss.

387 3710 485 3776 Rex³
500 3711 563 3775 iste
586 3709 756 3776 Johannes
779 3731 872 3774 suam
888 3731 1016 3795 semper
1037 3710 1261 3776 continuando
1277 3716 1392 3797 tyran·
1403 3725 1514 3790 otking

343 3813 453 3877 nidum
477 3812 599 3878 multos
622 3817 815 3898 magnatum
843 3833 976 3877 suorum
1014 3812 1058 3877 ad
1089 3812 1292 3878 iracundiam
1316 3792 1536 3909 pro-figfflt'ssus

345 3917 485 3982 vocavit
533 3915 599 3995 Qui
621 3915 657 3979 in
691 3914 796 4001 specie
831 3915 977 4002 corporis
1009 3915 1181 3980 candorem
1213 3915 1392 3981 femineum
1404 3924 1457 3975 life.

348 4017 525 4094 videretur,
548 4017 655 4082 carnis
688 4021 801 4081 tamen
824 4017 1025 4081 munditiam
1047 4038 1114 4082 non
1137 4017 1172 4080 in
1202 4019 1275 4103 ipsa
1298 4039 1394 4082 carne

348 4118 467 4198 tenuit,
482 4122 519 4182 in
534 4118 706 4182 libidinem
722 4118 864 4204 pronior,
881 4139 1023 4203 namque
1039 4118 1244 4204 conjugalem
1261 4118 1395 4182 modum

347 4221 494 4298 excessit,
510 4227 544 4286 et
559 4241 648 4286 more
664 4220 778 4284 odibili
790 4219 804 4258 ⁴
817 4219 901 4284 luxu
918 4219 1061 4285 femineo
1084 4220 1187 4285 fretus
1202 4224 1397 4307 magnatum

349 4324 497 4388 omnium
535 4345 654 4389 uxores
703 4329 738 4388 et
788 4323 939 4388 dominas
977 4322 1178 4409 concupivit,
1217 4322 1398 4387 deridendo

379 4572 388 4605 ¹
405 4571 481 4637 layci,
492 4573 547 4623 MS.
559 4575 611 4624 and
623 4574 656 4624 A.
897 4570 969 4622 modo
989 4587 1085 4635 quma
1104 4576 1160 4620 erat
1179 4571 1247 4622 inter
1265 4571 1358 4636 seyen
1375 4577 1401 4624 et

379 4676 505 4743 imm]
521 4677 587 4728 ‘³⁰³¹
598 4681 630 4728 Α·
645 4700 652 4740 ³
670 4677 805 4738 '⁷³⁰’MS'
897 4650 1064 4794 baioiiltua]
1098 4729 1196 4780 werten
1238 4732 1320 4782 suove
1357 4731 1401 4782 tue

382 4781 392 4812 ³
411 4781 524 4846 Heroon
535 4782 597 4834 both
614 4779 726 4846 margins
743 4780 764 4830 is
780 4779 849 4840 Quo·
900 4809 950 4860 line
962 4809 988 4858 in
1000 4812 1034 4858 Α,

448 4917 463 4950 0
499 4903 588 4952 aran.
1242 4921 1268 4971 p
