3625 5784
624 842 895 892 unrcmrauusm
917 843 1127 893 ouaouicou.
1332 831 1396 895 123

344 1042 576 1118 primogenitum
598 1041 668 1100 filiae
700 1041 840 1099 Falconis
862 1040 979 1100 comitis
1010 1042 1203 1116 Andegeviae.
1253 1045 1294 1101 ut
1324 1049 1397 1102 tunc

345 1135 422 1190 facta
455 1139 501 1190 eet
521 1153 579 1207 pax
601 1134 679 1190 inter
709 1151 804 1206 reges,
828 1135 898 1206 quia
919 1133 1087 1189 Willelmus
1109 1133 1269 1207 praedictus
1298 1136 1397 1192 tenuit

345 1224 558 1280 Nonnanniam
588 1224 626 1279 de
658 1241 728 1294 rege
758 1223 890 1279 Francioe
924 1229 955 1278 et
977 1222 1048 1279 fecit
1082 1222 1110 1279 ei
1140 1223 1312 1296 homagium
1343 1243 1397 1298 pro

346 1314 719 1386 insenescentem
753 1331 806 1368 suo
840 1312 969 1368 Henrico
1001 1329 1070 1384 rege
1093 1313 1145 1385 qui
1181 1331 1235 1386 pro
1269 1314 1397 1371 culmine

346 1403 506 1476 mejestatis
541 1421 602 1460 snae
623 1402 769 1459 fastidivit
791 1403 886 1459 facere
907 1401 1080 1474 homagium
1102 1401 1167 1474 regi
1189 1403 1321 1460 Franciae
1343 1423 1396 1477 pro

170 1480 261 1548 ΤΠ*
272 1481 325 1535 001·
346 1493 537 1550 Normannia.
582 1493 665 1549 Tunc
687 1510 802 1565 quoque
823 1511 875 1548 rex
897 1491 1044 1549 Henricne
1060 1493 1129 1548 fecit
1145 1492 1250 1549 liberos
1265 1493 1398 1552 homines

170 1553 250 1600 ²³⁸¹·
346 1599 413 1640 auos
435 1584 472 1639 de
502 1582 614 1655 Anglia
647 1587 677 1639 et
707 1581 890 1640 Normannia
921 1583 1015 1638 facere
1046 1582 1217 1653 homagium
1249 1583 1398 1641 Willelmo

347 1673 408 1729 filio
430 1691 501 1740 su03
523 1673 603 1729 unde
636 1673 807 1745 sperabatur
838 1672 918 1744 quod
951 1671 1126 1728 vaticinium
1148 1673 1227 1744 regie
1260 1673 1397 1730 Edwardi

346 1762 379 1817 in
413 1763 464 1819 illo
486 1762 635 1819 Willelmo
668 1763 744 1818 soret
766 1761 969 1834 implendum
994 1779 1051 1834 qno
1086 1760 1245 1829 dicebatur,
1281 1765 1397 1835 quando

346 1853 430 1908 arbor
466 1852 589 1925 precisa
625 1852 663 1908 ed
699 1857 839 1912 truncum
876 1851 992 1906 rediens
1029 1851 1198 1924 pubesceret
1234 1853 1397 1910 remedium

346 1942 420 1998 foret
442 1942 628 2014 sperandum.
675 1941 734 1998 Sed
749 1941 805 1996 hoc
827 1940 1012 1996 obnubilavit
1034 1941 1119 1997 sortia
1142 1943 1280 1999 humenae
1302 1943 1396 2000 varie·

347 2036 411 2098 tae;
445 2049 516 2087 nam
553 2037 619 2104 post
656 2030 831 2086 triennalem
869 2048 981 2086 moram
1019 2030 1097 2102 regis
1146 2032 1178 2086 in
1215 2032 1398 2090 Nor-mannia

347 2120 512 2177 Willelmus
533 2122 585 2176 ille
607 2121 774 2177 submersus
795 2125 849 2186 cst,
869 2124 904 2175 ut
927 2119 1004 2174 infre
1025 2120 1147 2176 dicetur.
1194 2121 1258 2177 Hoc
1282 2140 1396 2196 quoque

346 2215 476 2282 tempore
507 2211 599 2266 Fnloo
621 2227 717 2266 comes
746 2209 906 2282 predictus
929 2209 1136 2284 lerosolymam
1170 2228 1294 2284 pergens
1317 2230 1397 2269 com-

345 2301 496 2357 mendavit
527 2300 701 2357 comitatum
733 2317 819 2355 sunm
843 2297 1079 2370 Audigavensem
1110 2299 1175 2372 regi
1206 2301 1325 2373 Anglire
1358 2303 1397 2360 ad

346 2408 418 2463 opus
432 2390 534 2461 generi
557 2389 604 2445 sui
627 2389 803 2446 servandum
825 2388 852 2444 ei
874 2389 936 2462 ipse
958 2406 1018 2444 non
1041 2387 1156 2446 rediret

170 2477 316 2558 Ῑῐθωβθες
391 2479 523 2536 Oalixtus
545 2479 577 2552 ij.
599 2480 675 2536 sedit
696 2498 772 2552 pape
794 2477 880 2535 annis
902 2496 931 2534 v.
955 2479 1103 2534 mensibus
1124 2497 1151 2536 1.
1195 2479 1253 2550 Qui
1285 2480 1397 2538 viribus

172 2553 279 2605 ‘mm’
290 2548 334 2598 ¹¹¹³·
344 2570 537 2642 undecunque
560 2568 699 2636 collectis,
722 2569 802 2641 cepit
824 2557 876 2624 et¹
898 2566 1091 2624 incarceravit
1107 2568 1290 2625 ‘Mauricium
1320 2571 1395 2627 anti-

190 2627 234 2662 ἀ
281 2649 289 2663 ’
344 2678 450 2733 papam
484 2659 703 2733 supradictumz
735 2675 824 2731 quem
846 2662 913 2729 post
935 2657 968 2713 in
991 2658 1100 2715 camelo
1122 2657 1191 2730 poni
1223 2659 1293 2715 fecit
1314 2678 1397 2717 verse

341 2749 417 2805 fecie
449 2767 502 2806 sua
535 2749 573 2805 ed
604 2748 728 2804 caudam
758 2747 862 2804 cameli
896 2746 1077 2818 caudamque
1108 2765 1162 2819 pro
1184 2748 1267 2803 freno
1301 2751 1398 2806 tenuit

343 2857 450 2912 papam
479 2838 679 2913 precedendo.
724 2838 810 2894 Circa
839 2836 892 2892 hos
922 2836 986 2891 dica
1016 2837 1087 2892 ordo
1119 2827 1398 2894 Praemouutreneis2

343 2928 454 3002 incepit
486 2928 518 2984 in
551 2916 753 2984 Iacdinensi³
786 2925 904 2992 diocesi,
940 2925 994 2980 sub
1026 2929 1108 2998 patre
1130 2925 1319 2994 Northberto,
1343 2927 1395 3000 qui

343 3016 401 3074 ruit
422 3017 543 3075 natione
576 3015 767 3075 Coloniensis.
813 3013 898 3071 Oirca
920 3015 985 3070 baec
1008 3019 1141 3088 tempora
1173 3013 1247 3071 obiit
1270 3016 1396 3072 Matilda

342 3107 446 3180 regina
481 3107 657 3179 Anglcrnm‚
696 3124 763 3180 quae
801 3103 833 3160 in
871 3102 975 3178 primis
1012 3105 1099 3160 annia
1139 3103 1217 3161 inter
1253 3105 1396 3163 moniales

342 3195 568 3271 Wyntonieuses
590 3197 712 3253 educate
741 3194 809 3262 fuit,
833 3198 864 3250 et
886 3191 981 3250 literis
1004 3192 1155 3250 instructa.
1201 3194 1287 3252 Unde
1309 3201 1339 3252 et
1360 3202 1395 3253 ut

343 3286 530 3359 ignobiliores
566 3287 687 3359 nuptias
720 3289 870 3358 respueret
904 3301 976 3357 quaa
1010 3288 1094 3356 pater
1127 3282 1192 3355 ejus
1228 3285 1256 3341 ei
1288 3285 1395 3359 saepius

342 3378 460 3448 optulit,
491 3377 612 3450 peplum
645 3373 720 3431 sacri
742 3373 804 3430 voti
827 3374 964 3446 metavit.
1018 3373 1211 3444 Quamobrem
1245 3393 1314 3432 cum
1344 3393 1395 3432 rex

342 3466 490 3522 Henricus
526 3484 591 3522 eem
636 3466 766 3521 thalamo
804 3463 974 3536 susciperet,
1013 3481 1059 3519 ree
1096 3463 1129 3518 in
1167 3464 1396 3536 disputationem

340 3557 433 3622 venit,
456 3555 610 3612 resistente
627 3553 778 3622 Anselmo,
802 3553 894 3609 donec
916 3551 1057 3625 legitimis
1078 3553 1202 3610 testibus
1224 3555 1396 3626 probaretur

341 3664 406 3702 eom
428 3645 492 3702 eine
522 3644 710 3718 professione,
734 3649 765 3700 et
786 3662 846 3700 non
867 3641 927 3698 nisi
961 3660 1047 3698 musa
1069 3660 1223 3716 procorum
1257 3663 1395 3703 recusan-

341 3735 445 3792 dorum
466 3735 566 3792 velum
588 3740 726 3806 gestasse,
771 3733 845 3789 Haec
867 3733 967 3804 itaque
990 3731 1136 3805 duplicem
1159 3739 1277 3806 parturn
1310 3737 1396 3794 enixa

340 3826 502 3882 meeoulum
524 3830 555 3882 et
583 3823 733 3890 feminam,
766 3840 867 3896 parere
898 3821 995 3879 deeiit.
1042 3822 1116 3879 Inde
1148 3824 1227 3897 apud
1248 3825 1394 3882 Westmo·

339 3915 501 3972 neoterium
530 3932 712 3971 commorans
734 3913 873 3985 regaliter
894 3917 940 3968 eet
962 3911 1101 3979 exhibita,
1124 3913 1240 3970 volente
1262 3914 1295 3970 id
1316 3933 1394 3988 rege.

341 4003 488 4060 Ueterum
510 4004 606 4061 cilicio
629 4005 683 4060 sub
704 4002 788 4075 regio
817 4002 900 4058 cultu
923 4003 1080 4059 convolute
1101 4002 1226 4077 nudipes
1247 4003 1280 4059 in
1302 4005 1393 4078 quad.

339 4095 483 4166 mgesima
504 4094 604 4150 adibat
634 4093 796 4160 ecclesiam,
820 4110 874 4148 nec
907 4092 1044 4148 horrebat
1075 4093 1172 4149 lavere
1193 4093 1392 4152 morbidorum

338 4184 446 4253 ulcera,
479 4189 609 4240 tractans
630 4182 775 4253 manibus,
805 4181 887 4238 baeie
909 4181 1045 4253 infigens,
1084 4184 1114 4235 et
1136 4199 1269 4238 mensem
1303 4202 1390 4257 eppo.

265 4319 276 4336 ,
339 4291 418 4344 nene,
443 4278 530 4347 atque
562 4272 649 4330 officii
671 4272 767 4330 divini
798 4271 927 4328 multum
960 4272 1018 4326 fuit
1052 4270 1167 4326 aemula.
1213 4271 1324 4328 Iccirco
1358 4274 1392 4330 in

371 4554 381 4588 ι
398 4555 440 4607 On
450 4554 515 4606 sou
531 4553 645 4622 merges
655 4554 686 4615 u,
703 4554 784 4620 rapa
800 4550 840 4605 e-
890 4513 935 4642 P:
932 4511 1103 4643 mopsi
1100 4527 1230 4658 ⁸1:13sz
1258 4511 1289 4573 e,
1319 4514 1393 4568 creo

337 4641 455 4688 mreerat
463 4651 570 4701 papam·
924 4668 1217 4737 raauduneneiffligd.
