3625 5784
39 4644 203 4734 ...s

386 749 451 814 422
734 763 878 812 unraror
903 763 1087 812 rurenses

217 977 334 1042 Pmyof
388 950 471 1014 mari
505 950 699 1026 avunculus,
721 950 875 1015 dominus
898 950 1048 1038 Rogerue
1070 950 1112 1016 de
1135 947 1296 1036 Olyfford‚
1328 947 1441 1013 domi·

216 1043 369 1096 thebeam.
388 1072 451 1116 nus
490 1050 658 1117 Johannes
696 1051 738 1117 de
773 1051 973 1137 Mowbraye,
1005 1051 1160 1116 dominus
1194 1050 1364 1116 Johannes
1398 1047 1441 1113 (16

389 1151 527 1239 Gyffard
560 1153 591 1218 le
626 1153 728 1239 Ryeb,
768 1154 923 1220 dominus
957 1153 1123 1220 Henricus
1156 1153 1198 1218 de
1221 1151 1441 1238 Wyllington

386 1255 540 1320 dominus
562 1253 732 1321 Johannes
754 1255 795 1320 de
819 1254 1014 1342 Wylynger,
1035 1255 1190 1321 dominus
1213 1253 1378 1319 Henrious
1400 1251 1443 1316 (16

387 1357 500 1422 Monte
535 1356 627 1433 forti,
648 1356 802 1422 dominus
833 1357 1087 1422 Bartholomeus
1117 1357 1160 1422 de
1194 1352 1442 1440 Baddysmere,¹

386 1459 539 1526 dominus
564 1459 730 1526 Henrieus
745 1459 866 1546 Tyeya,
882 1459 1038 1525 dominus
1062 1460 1213 1546 Rogerus
1228 1458 1442 1542 Dammeroy,

387 1559 562 1628 dominus*
578 1562 679 1652 Hugo
694 1561 896 1648 Dandaleye,
911 1561 1065 1628 dominus
1079 1559 1238 1626 Warinus
1252 1561 1294 1625 (16
1310 1559 1393 1645 Lyle
1407 1563 1443 1624 et

388 1664 499 1750 plures
522 1663 581 1730 alii
603 1685 678 1730 oum
701 1663 791 1728 omni
816 1685 876 1730 suo
907 1685 1001 1749 posse
1032 1668 1067 1729 et
1089 1663 1159 1728 suis
1184 1661 1442 1728 adhaemntibua

389 1763 456 1844 Qui
471 1786 584 1830 omnes
599 1787 634 1830 se
649 1765 813 1830 dederunt
828 1765 870 1830 ad
886 1765 1060 1831 eonsilium
1082 1765 1214 1830 comitis
1230 1762 1443 1840 lancastrie,

218 1881 274 1933 The
287 1882 336 1932 ne-
390 1871 425 1932 et
446 1867 533 1933 eima
555 1867 676 1932 festum
699 1867 805 1932 saneti
822 1865 993 1932 Michaelis
1015 1869 1234 1953 perrexerunt
1256 1863 1444 1929 Londonias

218 1963 350 2065 {m
391 1989 466 2036 oum
488 1969 606 2057 grandi
634 1969 782 2034 exercitu
805 1975 840 2034 et
862 1967 1086 2058 exlegabant³
1108 1969 1362 2056 Dispensatores
1385 1986 1441 2052 pa·

390 2076 474 2137 trem
491 2076 525 2136 et
548 2070 654 2136 filium
670 2075 767 2137 extra
788 2092 937 2160 regnum,
959 2077 1083 2158 praeter
1097 2078 1132 2138 et
1154 2076 1270 2138 eontra
1291 2071 1444 2135 volunta

389 2180 457 2240 tem
489 2175 575 2260 regis
598 2175 688 2261 apud
712 2173 1051 2240 westmonasterium
1097 2175 1218 2242 Comes
1240 2173 1443 2240 Lnncastriae

388 2275 530 2342 Thomas
580 2299 614 2341 se
660 2275 770 2342 tenuit
807 2276 843 2341 in
883 2297 963 2363 paee
1000 2277 1110 2342 medio
1148 2283 1305 2363 tempore,
1350 2273 1441 2361 apud

386 2382 533 2446 castrum
565 2399 662 2444 suum
693 2378 735 2443 de
758 2377 978 2445 Pontefraeto.
1024 2379 1136 2464 Igitur
1158 2379 1332 2444 exulantes
1368 2376 1442 2441 Dis·

386 2483 577 2565 pensatores
604 2477 839 2566 vagabantur⁴
854 2501 953 2566 super
969 2501 1061 2545 mare
1075 2479 1243 2566 sapientes
1259 2483 1294 2544 et
1315 2478 1443 2564 deprae-

386 2581 504 2646 dantes
539 2579 697 2668 quioquid
735 2586 875 2647 eventus
914 2581 962 2647 eis
998 2581 1146 2646 conferre
1184 2581 1301 2647 valuit.
1347 2579 1443 2645 Inter

388 2689 508 2750 caetera
530 2687 713 2770 rapuerunt
735 2682 819 2748 duas
841 2703 978 2770 magnas
1000 2704 1103 2748 naves
1126 2705 1209 2770 quas
1231 2681 1441 2748 Dromundes

218 2800 335 2852 Pinticu
389 2808 553 2864 vocamus,
568 2787 651 2852 bene
663 2785 676 2824 ⁶
690 2791 827 2852 onustas
849 2786 940 2851 omni
955 2784 1132 2853 fertilitate
1154 2787 1441 2852 mercimoniorum

218 2867 363 2998 {mim
388 2889 430 2954 ad
463 2889 609 2956 valorem
643 2885 702 2953 xl.⁶
736 2888 842 2953 millia
876 2909 1070 2966 marearum
1094 2895 1130 2956 et
1158 2889 1309 2955 homines
1339 2889 1441 2954 etiam

218 3015 280 3050 serr.
387 2997 501 3078 captos
523 2991 685 3056 misenmt
707 2991 744 3054 in
759 2990 917 3080 Angliam
935 2991 978 3056 ad
1000 3013 1163 3058 carcerem
1185 3014 1246 3079 per
1267 2991 1442 3058 eonsilium

388 3093 484 3182 regis,
516 3093 696 3179 statimque
728 3113 788 3158 rex
813 3093 918 3181 eoepit
939 3092 1094 3182 oolligere
1126 3095 1317 3172 exereitum,
1349 3115 1441 3160 man·

387 3195 470 3262 dans
493 3195 616 3281 ubique
647 3215 842 3261 omnesaue
865 3195 930 3261 sibi
951 3195 1065 3262 adesse
1089 3197 1151 3262 sub
1173 3219 1274 3284 poena
1296 3197 1377 3263 vitae
1406 3203 1442 3264 et

387 3296 608 3362 membrorum
646 3295 830 3362 amissione
877 3295 923 3362 Et
960 3298 1055 3363 venit
1091 3319 1151 3363 rex
1182 3320 1258 3366 oum
1292 3299 1440 3365 exemitu

215 3407 346 3474 Thetim
386 3419 446 3462 auo
495 3397 585 3483 apud
624 3396 754 3462 Burten
792 3419 892 3484 super
938 3397 1098 3466 Trentam
1134 3405 1253 3467 eontra
1286 3401 1440 3467 comitem

215 3489 333 3540 W*
385 3497 585 3563 Laneastriae
608 3502 643 3562 et
673 3497 813 3564 barones
847 3499 905 3584 qui
929 3505 1089 3568 venerant
1122 3502 1212 3588 apud
1234 3499 1443 3589 'tuttebery⁷

216 3543 258 3592 for
269 3555 328 3592 war.

385 3620 461 3666 cum
493 3599 613 3687 grandi
644 3598 851 3666 fortitudine.
898 3601 1024 3668 Eodem
1047 3608 1194 3690 tempore
1224 3605 1440 3671 reddiderunt

386 3723 420 3766 se
458 3701 529 3788 regi
566 3699 727 3767 antedicti
761 3701 803 3766 (16
836 3701 968 3767 Mortuo
991 3705 1085 3782 mari,
1122 3712 1157 3772 et
1194 3729 1237 3772 ex
1274 3713 1439 3794 praeeepto

215 3815 373 3869 Submisaion
386 3804 473 3894 regis
496 3803 588 3869 missi
613 3809 692 3868 sunt
726 3803 815 3890 apud
842 3806 962 3870 turrim
986 3805 1249 3874 Londoniensem
1271 3810 1308 3874 in
1330 3815 1438 3875 eusto-

214 3885 483 4003 ξὲξὲίοῦἁίαω.
530 3905 575 3971 Et
596 3905 687 3970 infra
708 3905 940 3993 triduumque
962 3929 1023 3973 rex
1038 3914 1175 3976 venerat
1196 3910 1286 3998 apud
1309 3911 1438 3976 Burton

384 4009 541 4076 movebat
555 4007 737 4076 exereitum
760 4029 856 4074 suum
872 4008 963 4076 ultra
977 4030 1098 4096 aquam
1113 4033 1228 4078 versus
1243 4012 1435 4100 Tuttebery.

416 4361 684 4424 mutuamus.
970 4361 1170 4432 *umam
1189 4364 1258 4417 from
1281 4369 1332 4430 a.;
1365 4371 1436 4422 aaa

209 4561 339 4625 ’μ’
350 4529 757 4700 ‘Afffflffioffiyfflm
775 4597 885 4650 enea
966 4597 1045 4665 ⁶ar]
1064 4599 1132 4652 som
1143 4560 1343 4666 assessus]

371 4707 639 4773 mmmm
965 4675 1313 4744 ⁷Ntary,Mfl.etinsta.
