3625 5784
414 896 480 957 110
760 904 908 953 ιιιιιιιιιοι
933 903 1115 952 moeror<

412 1121 495 1160 auum
532 1120 585 1176 pro
622 1103 746 1175 pecnnia
779 1107 844 1158 erat
874 1101 1084 1157 invadietume.
1137 1101 1262 1156 Nullum
1304 1099 1462 1156 concilium
1475 1079 1559 1199 {ff
1573 1080 1621 1130 ⁰⁰¹·

412 1193 613 1266 episcoporum
628 1190 766 1248 celebrari
792 1190 933 1264 permisit.
979 1192 1112 1247 Honores
1129 1189 1338 1247 ecclesiasticos
1353 1189 1461 1263 passim
1543 1182 1549 1195 ’

412 1282 564 1348 vendidit3
596 1299 665 1338 nam
688 1287 719 1338 et
743 1281 791 1337 die
822 1283 920 1336 obitus
954 1282 999 1335 eui
1031 1287 1089 1336 tres
1122 1280 1315 1353 episcopatus,
1350 1278 1462 1336 scilicet

413 1372 662 1437 cantuariensem,
680 1371 933 1444 Wyntonieneem,
954 1369 1210 1436 Saleeburieneem,
1227 1375 1257 1426 et
1278 1368 1328 1442 xij.
1345 1387 1461 1425 monae-

412 1463 487 1519 teria
509 1462 541 1518 in
564 1480 729 1518 monuwa
757 1460 855 1516 tenuit
876 1466 929 1516 uut
959 1461 995 1516 ad
1027 1461 1141 1514 firmam
1172 1459 1303 1516 tradidit.
1359 1458 1462 1516 Heres

412 1552 545 1608 omnium
567 1552 647 1607 euim
669 1569 731 1608 esee
760 1551 902 1622 cupiebat.
947 1550 1070 1622 Propter
1099 1549 1256 1606 discidium
1279 1549 1357 1622 quod
1390 1555 1462 1605 tunc

413 1641 445 1696 in
468 1643 600 1697 Romana
614 1641 735 1697 ecclesia
749 1647 812 1696 erat
834 1640 913 1694 iuter
927 1639 1080 1695 Urbanum
1094 1629 1223 1712 papam,l
1239 1645 1270 1696 et
1289 1638 1461 1712 Wybertum

412 1731 591 1804 antipapam,
631 1731 795 1786 Romanum
833 1729 978 1785 tributum
1016 1729 1184 1800 denegabat.
1246 1729 1288 1785 At
1327 1728 1460 1801 quamvis

412 1820 548 1892 operibus
569 1819 673 1875 fuieeet
704 1820 786 1886 levia,
810 1819 842 1873 in
864 1819 961 1874 verbis
991 1825 1089 1874 tumen
1113 1818 1226 1874 stabilia
1260 1819 1365 1884 iuerat,
1389 1817 1461 1874 adeo

413 1916 447 1965 ut
470 1911 495 1965 ai
518 1911 566 1965 eui
588 1909 698 1965 bonum
720 1910 766 1965 rel
790 1909 901 1964 malum
932 1909 1124 1981 promitteret,
1149 1909 1218 1964 inde
1250 1925 1368 1964 securus
1399 1925 1461 1963 ecee

413 2004 518 2071 posset.
553 2001 592 2055 Et
614 2017 681 2054 cum
703 2005 779 2054 eeuet
801 1998 933 2070 pecumae
963 1997 1159 2065 avidissimus,
1184 1998 1330 2069 quoddam
1360 2003 1458 2054 tamen

413 2091 504 2144 semel
541 2089 632 2159 gessit
664 2089 804 2143 memoria
837 2088 970 2158 dignum.
1017 2088 1161 2143 Defuncto
1199 2105 1304 2160 nempe
1336 2087 1461 2159 quodam

413 2179 517 2234 abbate
539 2179 629 2234 semel
651 2177 683 2232 in
705 2177 826 2248 Anglia,
842 2177 900 2232 duo
922 2178 1058 2234 monachi
1074 2178 1195 2233 collecta
1217 2195 1325 2248 magna
1347 2195 1462 2232 summo

413 2268 545 2340 pecuniae
567 2285 667 2338 regem
689 2267 797 2322 adeunt
818 2272 853 2321 ut
875 2267 989 2322 abbatis
1011 2267 1137 2323 officium
1160 2267 1235 2322 ulter
1254 2268 1378 2322 alterum
1394 2285 1461 2340 sup·

415 2357 573 2430 plantando
596 2356 771 2430 optinereut.
810 2357 884 2413 Cum
906 2357 1012 2428 quibus
1035 2357 1154 2428 quidam
1177 2357 1281 2412 tertius
1304 2357 1462 2412 monachus

414 2465 449 2502 co
478 2447 642 2502 intentione
679 2445 806 2518 perrexit
836 2453 872 2501 ut
909 2445 1042 2501 abbatem
1080 2447 1272 2502 constitutum
1310 2446 1463 2501 humiliter

415 2537 534 2591 domum
561 2537 686 2593 duceret.
729 2533 860 2607 Cumque
890 2553 988 2590 coram
1011 2553 1080 2606 rege
1115 2535 1159 2590 illi
1192 2537 1250 2590 duo
1284 2541 1395 2590 starent
1428 2539 1462 2589 ut

414 2643 491 2681 unue
513 2627 604 2682 altero
630 2625 714 2698 pluro
744 2625 938 2697 promitteret,
961 2643 1012 2679 rex
1043 2643 1061 2680 u
1094 2624 1183 2681 tercio
1215 2623 1357 2680 monacho
1392 2631 1463 2680 tuno

413 2720 529 2772 tacente
562 2716 632 2787 quid
664 2715 732 2770 dure
759 2715 847 2770 vellet
877 2714 1041 2785 inquisivit,
1077 2719 1108 2769 ot
1141 2715 1191 2770 ille
1225 2732 1256 2770 ee
1287 2715 1364 2769 nihil
1398 2731 1463 2785 prc-

413 2807 529 2861 mittere
544 2811 596 2860 out
611 2804 680 2860 dare
699 2803 776 2860 velle
797 2804 957 2876 respondit.
995 2805 1014 2830 “
1025 2801 1170 2870 Accede,”
1187 2803 1284 2876 inquit
1307 2793 1381 2869 rex,2
1397 2805 1416 2828 “
1430 2809 1463 2858 tn

414 2897 433 2922 “
458 2896 537 2951 eolus
559 2894 666 2966 dignus
689 2912 720 2950 ee
735 2899 797 2950 tem
819 2911 935 2950 eaerum
951 2911 1024 2948 onus
1047 2894 1173 2949 subiro.”
1220 2893 1345 2966 Reliqua
1367 2893 1462 2948 vitam

412 2983 501 3056 hujue
534 2986 613 3056 regis
644 2983 787 3041 Willelmi
825 2981 1032 3039 concernentia
1069 2982 1134 3040 ride
1173 2982 1294 3038 inferius
1332 2985 1364 3038 in
1402 2982 1465 3038 rita

411 3074 546 3131 Aneelmi
568 3075 696 3146 capitulo
718 3073 776 3130 xiv.

243 3178 383 3230 Extensive
457 3167 525 3231 Iste
564 3165 749 3231 Wiilelmus
787 3165 931 3229 multum
970 3165 1102 3229 deditus
1142 3170 1176 3229 ct
1214 3164 1354 3251 diligens
1393 3173 1465 3230 erat

245 3246 398 3363 ξζῗξξῇξζω
412 3268 535 3354 regalia
552 3273 661 3334 castra
683 3273 718 3332 et
740 3265 880 3331 aedifioia
895 3267 1131 3331 excellentiora
1153 3271 1341 3331 construere
1364 3271 1465 3350 atque

246 3379 336 3430 Rufus.
412 3372 549 3456 palacia,
572 3375 672 3456 prout
695 3375 803 3436 castra
825 3369 1049 3448 Doroberniae,
1073 3369 1298 3454 Wyndoscrae,
1323 3367 1464 3454 Norwy·

413 3474 476 3551 chi,
492 3473 670 3539 Exceetriae
693 3476 728 3536 et
750 3493 871 3558 magna
893 3472 971 3537 aula
986 3469 1279 3552 westmonasterii,
1303 3476 1337 3536 et
1359 3470 1466 3537 multe

245 3588 286 3636 No
298 3587 361 3638 such
412 3575 480 3640 alia
495 3577 567 3660 ejus
582 3571 807 3639 industriam³
829 3595 929 3660 opera
945 3579 1120 3638 testantur.
1168 3575 1201 3638 N
1204 3595 1240 3639 ec
1256 3577 1466 3660 praeeesserat

245 3654 371 3770 {22⁸3ng
412 3699 472 3743 rex
504 3677 623 3763 uliquis
655 3677 692 3740 in
723 3676 847 3762 Anglia
880 3681 958 3741 anie
993 3697 1053 3741 sua
1075 3681 1225 3762 tempora
1258 3677 1314 3761 qui
1347 3682 1399 3741 tot
1432 3680 1467 3741 et

412 3779 494 3845 talia
509 3778 704 3866 aggressus⁴
719 3777 830 3843 iuerat
845 3778 993 3844 aedificia.
1041 3778 1085 3843 Et
1107 3778 1230 3865 legitur
1253 3778 1293 3843 de
1317 3801 1355 3844 eo
1378 3779 1465 3864 quod

245 3886 294 3937 Ili·
411 3883 454 3948 ad
484 3883 573 3948 mala
604 3903 744 3968 quaeque
767 3881 807 3945 de
835 3879 890 3946 die
913 3881 950 3945 in
982 3879 1094 3945 diem⁶
1116 3903 1244 3967 semper
1275 3903 1399 3968 pronus
1431 3885 1466 3946 et

245 3954 378 4086 ζξῗῖξζῗ
412 3983 578 4072 proclivus
600 3983 711 4049 fuerat
733 3987 833 4068 atque
857 3988 1004 4068 paratae,
1028 3983 1069 4047 cd
1101 3983 1187 4048 bono
1210 4005 1348 4070 quaeque
1371 3983 1464 4070 quaei

412 4108 541 4172 semper
563 4084 671 4150 hebet.
718 4084 785 4149 Hic
812 4083 997 4148 Willelmus
1019 4083 1098 4148 fecit
1121 4083 1257 4150 forestas
1291 4086 1327 4150 in
1350 4083 1465 4149 multis

247 4201 339 4250 ottho
411 4187 492 4255 locis
526 4210 585 4274 per
618 4187 766 4254 medium
798 4186 902 4273 regni,
935 4191 969 4251 et
1002 4186 1090 4250 inter
1125 4185 1399 4253 Seuthemtonam
1432 4193 1466 4252 et

245 4268 372 4382 ξξζξζξὴθ
411 4293 593 4378 prioratum
611 4291 651 4356 de
671 4289 833 4376 Twynam
850 4289 908 4374 qui
929 4310 1017 4354 nune
1033 4293 1170 4354 vocatur
1186 4287 1467 4355 Cristisohurche⁶

245 4401 328 4516 {¹1¹2er
328 4416 379 4516 :pm
411 4396 593 4481 prostravit
633 4400 668 4460 et
703 4391 944 4458 exterminavit
989 4391 1111 4478 viginti
1153 4391 1235 4458 duaa
1273 4389 1464 4478 proximas⁷

446 4601 454 4632 ¹
472 4602 514 4653 On
525 4600 588 4650 both
600 4597 720 4664 margine,
736 4596 781 4648 Va
790 4601 889 4662 papa!
999 4595 1010 4628 ⁴
1027 4611 1181 4662 conpressus,
1193 4595 1250 4648 MS.

445 4681 456 4712 ²
472 4681 513 4731 On
532 4674 596 4728 both
614 4677 733 4742 margine,
753 4675 839 4726 Unica
851 4692 915 4741 pro·
999 4675 1088 4735 ⁵dieu,
1101 4677 1157 4729 MS.
1170 4679 1221 4727 and
1232 4679 1267 4728 A.

412 4759 479 4809 bitus
491 4760 558 4824 repis
575 4756 701 4808 willelmi.
998 4753 1009 4786 ⁶
1028 4755 1244 4821 Cryetiscltyrcte,
1256 4756 1292 4806 A.

445 4839 540 4887 ³Both
550 4837 628 4890 MSS.
640 4833 846 4904 gireinduem‘a.
999 4833 1229 4900 'proximaaom
1241 4837 1275 4886 Δ.
