3625 5784
613 901 878 952 uaromruunsrs
901 899 1108 950 canonicos.
1328 885 1392 952 217

321 1077 466 1161 ·(}alliee,
492 1095 607 1150 “Inter
625 1093 745 1165 praeire
767 1097 797 1147 et
807 1094 911 1164 perstre
933 1091 1021 1146 unica
1038 1092 1180 1147 duntaxat
1203 1091 1293 1147 distat
1308 1083 1393 1148 iota''

347 1183 513 1254 instigante
544 1181 664 1238 tandem
696 1181 812 1236 diabolo
834 1198 884 1234 rex
908 1181 1053 1237 Henricus
1075 1199 1134 1236 uua
1168 1199 1235 1236 cnm
1266 1181 1395 1254 capitulo

347 1271 551 1328 Gantuerieusi
574 1276 675 1328 contra
698 1270 795 1342 ipsum
818 1269 981 1336 rebellavit,
1006 1271 1060 1325 sub
1082 1289 1140 1342 quo
1162 1270 1279 1325 turbiue
1302 1271 1397 1326 mulla

347 1361 553 1427 dissimulavit,
586 1365 783 1433 persecutores
806 1377 872 1414 suos
895 1359 934 1414 ad
956 1360 1054 1414 oscula
1083 1365 1113 1414 et
1144 1359 1216 1414 alias
1246 1359 1396 1414 familiari·

347 1456 421 1507 tates
455 1450 592 1516 admisit3
628 1455 659 1504 et
692 1467 759 1504 cum
792 1448 879 1503 amici
914 1449 959 1503 sui
993 1449 1133 1514 dicerent,
1158 1450 1244 1504 banc
1274 1449 1397 1504 nimiam

349 1539 603 1595 mansuetudinem
637 1539 703 1593 aliis
737 1538 903 1609 exemplum
927 1538 1056 1609 proebere
1078 1537 1270 1594 consimiliter
1301 1539 1399 1593 insur-

347 1628 446 1700 gendi,
471 1629 512 1683 ita
544 1627 703 1698 respondit,
730 1625 972 1682 “Inundatioues
995 1627 1084 1682 maris
1108 1627 1191 1698 quasi
1223 1627 1268 1682 lae
1295 1646 1399 1698 sugere

350 1719 369 1744 ‘⁸
393 1718 540 1782 debemus,
558 1722 669 1773 etcum
685 1715 990 1788 praecursoredomini
1013 1716 1163 1771 comedere
1186 1717 1244 1771 mel
1267 1716 1399 1773 silvestre

350 1809 369 1832 ‘⁶
394 1807 425 1861 iu
448 1807 562 1862 deserto
585 1805 697 1860 mundi.
743 1805 805 1862 Soli
828 1805 936 1876 quippe
958 1804 1012 1860 deo
1035 1805 1176 1860 servanda
1201 1811 1246 1860 est
1267 1807 1400 1877 potentia

349 1901 368 1922 “
393 1893 571 1962 vindicandi,
588 1894 623 1949 de
639 1893 742 1949 alienis
764 1893 925 1950 defectibus
947 1895 1015 1948 nolo
1038 1893 1111 1948 mibi
1135 1894 1319 1966 dispendium
1334 1914 1399 1968 pro·

350 1987 369 2010 “
393 1975 527 2056 pagare.'’
573 1984 738 2040 (lenroeato
754 1983 848 2038 denuo
864 1983 1052 2054 praelatorum
1075 1990 1163 2048 coetu,
1181 1983 1304 2055 inquirit
1327 2004 1399 2056 quo·

350 2075 435 2129 undo
462 2073 614 2129 eeclesiam
636 2071 698 2142 jam
725 2072 894 2128 ancillatam
919 2072 1046 2128 relevare
1069 2073 1167 2145 possit.
1214 2075 1398 2141 Decernitur,

351 2181 451 2234 regem
483 2181 550 2218 cum
581 2161 694 2217 caeteris
716 2161 872 2218 rebellibus
894 2161 1093 2218 admonendos
1116 2164 1187 2232 fore,
1218 2168 1249 2218 et
1280 2164 1305 2218 si
1338 2182 1398 2220 non

351 2253 566 2324 corrigerentur
588 2253 771 2308 severitatem
794 2249 996 2306 ecclesiastiea
1027 2269 1157 2308 censuras
1179 2270 1240 2308 non
1261 2252 1399 2309 dormire.

351 2341 438 2397 Paret
468 2341 516 2396 vir
552 2345 679 2406 mustus,
695 2373 698 2378 ·
713 2357 812 2410 regern
845 2339 939 2405 adiit3
971 2357 1023 2394 rex
1054 2341 1130 2412 petit
1161 2341 1400 2398 deliberationem

353 2448 440 2503 super
472 2429 518 2484 his
551 2412 684 2490 baberi]
706 2429 849 2500 Expectat
882 2429 942 2493 ille,
966 2428 1018 2482 sed
1050 2429 1096 2483 nil
1119 2430 1239 2501 profuit,
1274 2447 1332 2502 qua
1363 2431 1401 2487 de

179 2517 268 2581 'l'w5⁸·
280 2512 329 2564 001·
353 2537 441 2575 eausa
475 2518 529 2574 soli
567 2518 631 2589 regi
650 2517 831 2584 'deferendo
871 2517 902 2572 iu
940 2523 1060 2574 oaetoros
1100 2520 1221 2574 rebelles
1252 2520 1399 2575 sententia

180 2587 259 2634 ²¹³⁵·
354 2609 534 2663 fulminatur.
581 2607 623 2662 At
645 2625 712 2663 cum
735 2625 787 2662 neo
812 2607 857 2662 his
879 2612 1145 2678 compungerentur
1164 2612 1400 2679 transgressores,

354 2697 515 2753 cedendum
553 2696 647 2768 magis
685 2696 798 2751 censuit
835 2694 961 2750 maliciis
995 2713 1083 2767 quam
1116 2696 1256 2752 inservire
1288 2697 1400 2767 litigiis

354 2786 557 2842 Oonsiderarit
587 2803 692 2856 nempe
716 2787 740 2840 si
764 2790 856 2841 totam
880 2784 1065 2840 severitatem
1096 2786 1280 2857 expenderet,
1304 2787 1401 2842 forsan

355 2876 468 2946 legatus
490 2893 573 2946 papea
607 2873 658 2946 qni
681 2880 753 2929 tunc
775 2874 876 2929 aderat
899 2873 931 2927 in
954 2873 1073 2928 irritum
1095 2874 1223 2941 duceret,
1246 2891 1402 2948 regemque

352 2965 390 3019 ed
423 2963 567 3020 deteriora
604 2969 774 3035 provocaret
799 2986 805 3018 :
845 2962 868 3016 si
895 2952 986 3016 vero¹
1011 2963 1245 3036 archiepiscopus
1275 2983 1402 3036 pressans

352 3057 479 3109 existens
516 3069 615 3108 eorum
653 3058 748 3107 errata
785 3070 845 3107 nou
883 3053 1051 3122 corrigeret,
1090 3051 1238 3108 videretur
1280 3072 1314 3108 ea
1351 3073 1403 3126 por

355 3142 507 3214 quandam
534 3139 776 3196 dissimulationis
808 3140 1003 3196 tollerantiam
1037 3142 1198 3212 approbare
1220 3165 1227 3208 ;
1251 3148 1404 3215 propterea

354 3231 503 3303 praeelegit
528 3247 646 3301 corpore
680 3247 710 3284 se
744 3229 781 3285 ad
813 3235 929 3300 tempus
967 3230 1128 3296 absentare,
1161 3237 1195 3286 ut
1229 3232 1291 3302 ipso
1325 3233 1403 3288 facto

355 3320 448 3375 cordis
493 3319 658 3374 ostenderet
700 3317 935 3383 amaritudinem,
975 3325 1005 3374 et
1043 3319 1172 3390 ipsorum
1210 3320 1403 3376 detestmctur

356 3408 507 3464 malitiam.
553 3408 651 3478 Igitur
674 3407 893 3478 ingravescente
916 3406 979 3477 ejus
1002 3408 1106 3464 ultimo
1128 3409 1229 3464 morbo
1252 3410 1371 3466 secessit
1385 3430 1403 3465 a

355 3499 527 3553 Pontinieco
560 3513 650 3568 usque
674 3485 783 3568 Soysi‚²
808 3496 983 3567 promittens
1015 3497 1075 3552 illis
1106 3498 1183 3570 quod
1216 3499 1265 3554 die
1287 3491 1403 3554 sancti³

356 3586 502 3642 Edmundi
529 3591 729 3641 reverteretur.
784 3586 885 3640 Allata
912 3585 967 3640 sibi
998 3586 1175 3642 eucharistia
1208 3587 1292 3654 dixit,
1327 3593 1346 3614 ‘⁶
1359 3590 1405 3644 'lu

357 3678 374 3702 ‘⁶
399 3694 431 3732 es
452 3675 570 3730 domine
594 3691 679 3746 quem
702 3675 808 3739 amavi,
826 3675 857 3728 in
880 3692 967 3746 quem
990 3676 1110 3743 credidi,
1127 3695 1214 3749 quem
1235 3678 1403 3750 praedicavi,

356 3768 374 3790 ‘⁸
399 3768 506 3837 prater
529 3781 615 3836 quem
630 3763 711 3818 aliud
726 3781 786 3819 non
803 3753 951 3834 quaesivi.”
998 3765 1047 3820 sie
1062 3773 1179 3838 sumpto
1194 3766 1302 3823 viatico
1317 3766 1404 3833 dixit,

355 3856 376 3880 ‘⁸
400 3853 541 3909 Homines
557 3852 660 3908 dicunt
674 3852 752 3924 quod
775 3841 883 3907 ludus⁴
896 3851 979 3907 vadit
993 3851 1023 3909 in
1047 3860 1189 3921 ventrem,
1204 3846 1256 3910 et⁵
1269 3873 1324 3927 ego
1340 3856 1406 3912 dieo

357 3944 377 3969 ‘⁶
403 3943 480 4014 quod
513 3941 596 3998 vadit
630 3942 662 3996 in
694 3933 852 4007 mentem,”
878 3939 947 3996 inde
982 3943 1083 3999 larana
1114 3946 1235 4001 vulnera
1266 3944 1405 4017 imaginis

356 4031 487 4088 crncifixi
510 4036 540 4088 et
562 4031 743 4097 deosculans,
760 4031 845 4096 dixit,
865 4033 883 4055 “
896 4031 1048 4088 Haurieris
1070 4051 1161 4106 aquas
1184 4033 1216 4088 in
1238 4033 1346 4104 gaudio
1369 4035 1405 4092 de

356 4123 376 4147 “
402 4121 481 4175 fonte
505 4121 692 4175 Salvatoris.”
780 4139 782 4146 ⁴

402 4211 596 4265 Innoceneius
630 4201 774 4280 quintusG
805 4211 862 4264 fuit
894 4227 971 4279 papa
1003 4217 1069 4282 post
1107 4211 1287 4267 celestinum
1322 4215 1408 4269 annis
1421 4202 1486 4266 0⁸1³·
1498 4206 1530 4253 ³⁶

357 4297 406 4370 xij.
438 4297 587 4354 mensibus
621 4299 659 4369 vj.
695 4300 745 4370 qui
780 4315 887 4354 vacuas
922 4299 1117 4354 cardinalium
1156 4301 1239 4356 sedes
1277 4302 1410 4358 honestis

393 4491 522 4557 ¹lligden
550 4489 643 4542 inserts
679 4491 734 4557 ipsc
770 4491 856 4542 before
884 4497 887 4604 p
940 4490 1057 4556 ⁴laclia]
1070 4491 1136 4540 from
1145 4491 1340 4559 Higd.;lupus,
1350 4494 1409 4546 MS.

359 4569 574 4635 archiepiscopis.
941 4569 952 4601 ⁸
970 4570 1007 4636 et]
1029 4569 1170 4636 sed,Higd.

392 4647 504 4714 'Seiam
517 4648 611 4714 siga·
942 4647 1164 4714 Ιφαινίιωᾙῐοῐιι
1173 4648 1266 4716 sige,
1278 4651 1412 4716 tenendus,

392 4726 402 4759 ³
419 4728 540 4792 rurartyris
551 4726 663 4780 inserted
674 4727 708 4794 by
724 4725 801 4790 Higd.
814 4727 856 4776 be·
909 4728 962 4780 MS.

361 4809 414 4859 lore
427 4805 562 4862 Edniundi.
