3625 5784
650 909 923 959 invenerannsm
945 910 1155 960 canonicor.
1370 899 1431 963 301

383 1106 404 1134 ⁴⁸
427 1125 552 1179 regnum
574 1111 704 1183 vestrum
726 1107 907 1174 abducendo,
932 1110 1065 1190 ipsosque
1081 1107 1191 1163 ibidem
1215 1108 1373 1167 detinendo
1404 1116 1435 1167 et

384 1196 404 1223 “
428 1198 655 1265 incarcerand03
691 1215 778 1270 snper
809 1196 915 1270 quibus
937 1196 1130 1254 reformandis
1164 1199 1287 1255 nuncios
1319 1205 1433 1257 nostros

383 1286 403 1312 ‘⁴
427 1288 510 1344 vobis
532 1306 608 1360 saepe
630 1285 856 1354 tansmisimus,
892 1278 1038 1360 qumque1
1060 1306 1120 1343 non
1153 1289 1248 1344 solum
1282 1295 1434 1347 remanent

384 1376 403 1402 ‘⁴
427 1377 523 1433 adhuc
553 1378 723 1444 incorrecte,
746 1376 941 1433 verumetiam
963 1378 998 1432 dc
1021 1376 1069 1434 die
1091 1378 1123 1432 in
1146 1378 1223 1434 diem
1246 1398 1298 1452 per
1320 1398 1373 1436 vos
1402 1385 1433 1436 et

384 1465 403 1491 ‘⁴
427 1472 539 1522 vestros
562 1466 707 1539 prioribus
731 1464 875 1523 deteriora
889 1458 1135 1536 accumulantur,z
1151 1487 1202 1523 vos
1225 1488 1351 1541 namque
1370 1468 1433 1540 jem

383 1555 404 1581 “
427 1574 495 1612 cnm
529 1554 737 1613 innumerabili
759 1562 938 1612 armatorum
960 1556 1152 1613 multitudine
1186 1559 1314 1614 exercito
1337 1565 1433 1615 vestro

383 1644 403 1671 “
428 1646 543 1717 publice
575 1650 732 1703 convocato
754 1646 792 1701 ad
814 1645 1058 1703 exhaeredandum
1080 1665 1134 1703 nos
1165 1652 1195 1703 et
1221 1649 1306 1719 regni
1337 1648 1432 1704 nostri

384 1734 403 1760 “
429 1736 538 1791 incolas
561 1737 599 1792 ad
620 1736 694 1791 fines
715 1734 801 1807 regni
822 1734 916 1791 nostri
938 1736 1085 1791 hostiliter
1107 1736 1277 1804 accessistis,
1302 1743 1333 1793 et
1354 1739 1433 1794 ultra

385 1825 403 1851 “
428 1826 647 1896 progredientes
663 1829 776 1897 strages
801 1828 833 1881 et
863 1814 1025 1881 incendia8
1047 1825 1176 1881 insultus
1203 1833 1233 1883 et
1268 1828 1433 1883 invasiones

428 1912 570 1971 violentas
601 1921 663 1971 tam
695 1933 747 1987 per
778 1920 886 1971 terram
919 1932 1007 1987 quam
1046 1932 1097 1987 per
1130 1934 1210 1972 mare
1247 1916 1434 1972 commisistis

384 2004 403 2030 ‘⁴
427 2004 605 2073 inhumane;
636 2022 690 2060 nos
712 2004 806 2059 dictas
829 2002 962 2075 injurias,
986 2008 1170 2077 contemptus
1192 2012 1222 2061 ct
1252 2006 1433 2077 gravamina,

382 2092 401 2119 ‘⁴
425 2112 537 2150 necnon
572 2099 602 2151 et
633 2094 754 2150 hostiles
776 2094 1014 2165 impugnationes
1039 2093 1163 2149 ulterius
1198 2096 1339 2152 sustinere
1371 2114 1431 2151 non

383 2183 403 2209 “
427 2185 567 2250 valentes,
613 2202 669 2239 nec
718 2183 750 2237 in
796 2173 963 2239 fidelitate⁴
999 2188 1029 2239 et
1067 2184 1204 2255 homagio
1265 2185 1335 2241 licet
1379 2204 1432 2257 per

382 2272 402 2300 “
426 2274 586 2330 violentam
608 2273 828 2346 impressionem
843 2277 972 2329 vestram
987 2263 1136 2328 extortas⁶
1150 2274 1304 2344 manendo,
1329 2281 1431 2331 contro

381 2361 401 2387 “
421 2382 474 2418 vos
495 2364 532 2418 ad
548 2362 746 2419 defensionem
761 2367 892 2417 nostram
915 2372 945 2418 et
967 2362 1053 2433 regni
1074 2363 1168 2418 nostri
1191 2354 1248 2419 ιιῢ6
1259 2363 1428 2435 juramento

381 2452 401 2477 ‘⁸
425 2471 526 2508 sumus
548 2452 669 2521 astricti,
692 2470 747 2507 nos
776 2452 907 2507 volentes
937 2452 1060 2522 erigere,
1084 2451 1254 2509 fidelitatem
1278 2459 1308 2509 et
1328 2454 1430 2511 homa·

380 2540 401 2567 “
425 2542 507 2613 ginm
540 2542 623 2598 vobis
657 2543 735 2597 facta
759 2546 821 2597 tam
853 2560 871 2597 a
903 2540 989 2596 nobis
1023 2560 1111 2614 qnam
1143 2543 1179 2597 ab
1212 2542 1278 2598 aliis
1309 2544 1429 2616 quibus-

381 2631 400 2657 “
424 2650 547 2704 cumque
569 2630 677 2688 nostris
699 2631 804 2687 incolis
819 2636 850 2686 et
864 2629 999 2686 fidelibus
1021 2630 1128 2686 nostris
1151 2632 1264 2687 ratione
1287 2638 1430 2689 terraram

381 2721 401 2747 “
425 2739 497 2793 quas
531 2721 562 2776 in
598 2738 690 2790 regno
727 2725 825 2776 vestro
862 2720 899 2775 de
937 2719 1019 2777 vobis
1057 2720 1206 2788 tenebant,
1246 2740 1280 2777 ac
1316 2722 1430 2779 ratione

381 2811 401 2835 “
424 2799 576 2882 menagii⁷
603 2830 655 2867 sen
678 2809 965 2877 retentionisvestrae‚
990 2810 1108 2865 nomine
1138 2815 1237 2866 nostro
1259 2801 1311 2866 et⁸
1332 2830 1433 2867 eorum

380 2898 400 2925 “
424 2900 557 2957 omnium
579 2905 609 2957 et
631 2901 816 2972 singulorum
838 2899 919 2955 vobis
942 2900 1092 2955 reddimus
1114 2918 1165 2971 per
1188 2902 1374 2973 praesentes!⁸

425 2992 469 3057 Et
491 2992 559 3057 fuit
581 2991 679 3057 litera
701 2992 767 3056 ista
789 2991 861 3056 sinc
884 2991 971 3058 data
1016 2991 1220 3077 Recepitque
1242 3014 1301 3057 rex
1316 2992 1432 3057 homa·
1446 2998 1502 3049 The
1513 3001 1588 3051 letter

378 3094 471 3180 gium
509 3094 723 3179 resignatum,
762 3098 797 3158 et
846 3093 1004 3180 praecepit
1043 3098 1082 3158 ut
1113 3094 1353 3161 inrotulcretur
1396 3098 1432 3159 in
1446 3068 1595 3197 fflgssffie

379 3197 498 3261 rotulis
556 3195 759 3262 cancellariae
804 3216 873 3260 suae
916 3196 960 3261 ed
1004 3196 1199 3282 perpetuam
1237 3198 1285 3262 rei
1330 3202 1432 3284 gestae
1445 3200 1549 3250 tonsor

379 3299 578 3364 memoriam.
645 3298 693 3362 Et
737 3298 854 3362 statim
899 3297 1144 3363 mandaverunt
1188 3300 1276 3385 quod
1321 3322 1432 3366 omnes
1445 3266 1587 3399 telppyohan.

378 3401 511 3489 Anglici
534 3401 593 3487 qui
616 3399 786 3465 habebant
808 3404 913 3465 terras
937 3406 972 3465 et
994 3402 1214 3486 possessiones
1248 3403 1284 3467 in
1309 3404 1430 3485 Sectis,

378 3504 441 3569 sub
475 3525 576 3589 poena
598 3504 679 3568 vitae
712 3507 747 3567 et
780 3502 920 3567 membri
954 3502 1026 3567 sine
1060 3502 1219 3569 dilatione
1252 3505 1381 3570 exirent
1412 3514 1582 3593 esshenng-

377 3606 502 3671 finibus
517 3626 638 3681 ‚eorum
660 3608 721 3669 aut
743 3604 914 3668 venissent
937 3626 1012 3670 cum
1036 3605 1127 3669 omni
1148 3606 1265 3672 roboro
1284 3628 1344 3671 suo
1366 3629 1432 3693 quo
1446 3581 1569 3698 ξζξᾶζῃά

378 3714 512 3796 possent
542 3707 585 3771 ad
618 3706 862 3772 defendendum
895 3728 1033 3793 regnum
1069 3707 1190 3773 Scotiae
1224 3713 1339 3775 contra
1361 3710 1432 3775 An-
1446 3715 1552 3797 praemi
1563 3724 1589 3767 to

377 3811 488 3897 glicos,
510 3816 545 3877 et
578 3815 675 3874 terrae
710 3830 823 3875 eorum
847 3810 905 3895 qui
937 3831 1004 3875 non
1027 3817 1190 3876 venerant
1224 3834 1299 3878 cum
1323 3812 1432 3879 Sectis
1444 3782 1554 3898 {iffi

379 3914 467 3979 datae
489 3918 569 3977 sunt
601 3912 677 3977 aliis
709 3911 751 3975 de
784 3932 886 3997 regno
932 3910 1087 3977 dominus
1121 3912 1286 3979 Robertus
1319 3916 1432 3995 Bruse,
1446 3930 1526 3978 army.

378 4016 437 4101 qui
470 4019 586 4101 postea
607 4013 801 4079 vendicavit
835 4034 974 4099 regnum
1009 4014 1137 4091 Scotino,
1160 4037 1229 4080 non
1260 4018 1355 4082 venit
1388 4018 1431 4083 ed

378 4117 465 4183 diem
488 4138 611 4195 eorum,
633 4114 723 4180 unde
745 4120 844 4180 terreo
867 4113 940 4199 ejus
963 4114 1089 4181 scilicet
1111 4115 1193 4180 villa
1215 4117 1257 4181 de
1279 4119 1430 4186 Anondae

370 4224 411 4285 *et
433 4218 508 4284 eliae
530 4218 619 4283 dates
649 4221 729 4281 sunt
758 4215 892 4281 domino
926 4216 1074 4283 Jobanni
1097 4216 1227 4305 Comyn
1251 4219 1291 4283 de
1324 4220 1431 4307 Loug-

377 4321 499 4387 maben
520 4321 564 4386 ad
580 4318 823 4385 defendendum
846 4323 962 4385 contra
977 4319 1112 4407 Anglos
1135 4322 1193 4406 qui
1216 4322 1304 4409 cepit
1319 4344 1432 4388 omnes

412 4537 421 4570 ¹
438 4537 554 4602 qaoque]
575 4551 639 4600 quae,
652 4538 683 4586 R.
966 4535 977 4567 ⁶
994 4535 1107 4595 extortio,
1118 4536 1149 4585 R.

412 4616 423 4649 ²
439 4615 610 4676 mmulcntnr,
621 4615 654 4664 R.
964 4612 975 4644 ⁶
991 4622 1021 4662 ut
1025 4613 1185 4679 juramento]
1208 4614 1280 4679 enjus
1291 4615 1434 4668 defensioni

411 4697 646 4750 ³Afterincendic
658 4696 864 4747 Rimmon.
931 4700 956 4743 et
967 4691 1068 4743 tuitioni
1080 4691 1182 4744 vinculo
1192 4692 1338 4758 juramenti,
1349 4696 1382 4747 R.

412 4778 589 4843 ⁴fldeiitotem
606 4778 658 4828 and
676 4775 819 4842 homcqium
836 4792 880 4827 ere
963 4771 974 4809 ⁷
991 4772 1110 4837 menapii,
1121 4774 1176 4823 MS.

377 4859 489 4910 inMss.
962 4850 1028 4916 Βεί]
1048 4852 1200 4915 eonomine,
1214 4854 1245 4905 R.
