<?xml version="1.0" encoding="UTF-8"?>
<!DOCTYPE html PUBLIC "-//W3C//DTD XHTML 1.0 Transitional//EN"
    "http://www.w3.org/TR/xhtml1/DTD/xhtml1-transitional.dtd">
<html xmlns="http://www.w3.org/1999/xhtml" xml:lang="en" lang="en">
 <head>
  <title>
</title>
<meta http-equiv="Content-Type" content="text/html;charset=utf-8" />
  <meta name='ocr-system' content='tesseract 3.04.00' />
  <meta name='ocr-capabilities' content='ocr_page ocr_carea ocr_par ocr_line ocrx_word'/>
</head>
<body>
  <div class='ocr_page' id='page_1' title='image "./chroniconhenric00lumbgoog_0119.png"; bbox 0 0 3625 5784; ppageno 0'>
   <div class='ocr_carea' id='block_1_1' title="bbox 416 913 1125 981">
    <p class='ocr_par' dir='ltr' id='par_1_1' title="bbox 416 913 1125 981">
     <span class='ocr_line' id='line_1_1' title="bbox 416 913 1125 981; baseline -0.014 0"><span class='ocrx_word' id='word_1_1' title='bbox 416 913 461 981; x_wconf 85' lang='lat'><strong>96</strong></span> <span class='ocrx_word' id='word_1_2' title='bbox 771 921 919 975; x_wconf 75' lang='lat' dir='ltr'><strong>HENRlci</strong></span> <span class='ocrx_word' id='word_1_3' title='bbox 943 920 1125 973; x_wconf 78' lang='lat' dir='ltr'><strong>xuiosuon</strong></span> 
     </span>
    </p>
   </div>
   <div class='ocr_carea' id='block_1_2' title="bbox 418 1115 1471 1289">
    <p class='ocr_par' dir='ltr' id='par_1_2' title="bbox 418 1115 1471 1289">
     <span class='ocr_line' id='line_1_2' title="bbox 418 1115 1471 1191; baseline -0.009 -10"><span class='ocrx_word' id='word_1_4' title='bbox 418 1128 496 1182; x_wconf 84' lang='lat' dir='ltr'><strong>Item</strong></span> <span class='ocrx_word' id='word_1_5' title='bbox 520 1124 605 1181; x_wconf 87' lang='lat' dir='ltr'><strong>turbo</strong></span> <span class='ocrx_word' id='word_1_6' title='bbox 626 1130 737 1181; x_wconf 88' lang='lat' dir='ltr'><strong>tectum</strong></span> <span class='ocrx_word' id='word_1_7' title='bbox 759 1126 888 1182; x_wconf 73' lang='lat' dir='ltr'><strong>ecclesie</strong></span> <span class='ocrx_word' id='word_1_8' title='bbox 920 1121 1147 1181; x_wconf 82' lang='lat' dir='ltr'><strong>Solusburieusis</strong></span> <span class='ocrx_word' id='word_1_9' title='bbox 1169 1115 1276 1191; x_wconf 87' lang='lat' dir='ltr'><strong>dejecit</strong></span> <span class='ocrx_word' id='word_1_10' title='bbox 1298 1116 1400 1190; x_wconf 88' lang='lat' dir='ltr'><strong>quinto</strong></span> <span class='ocrx_word' id='word_1_11' title='bbox 1423 1116 1471 1173; x_wconf 83' lang='lat' dir='ltr'><strong>die</strong></span> 
     </span>
     <span class='ocr_line' id='line_1_3' title="bbox 418 1213 1066 1289; baseline 0 -18"><span class='ocrx_word' id='word_1_12' title='bbox 418 1220 576 1289; x_wconf 83' lang='lat' dir='ltr'><strong>postquem</strong></span> <span class='ocrx_word' id='word_1_13' title='bbox 598 1215 782 1272; x_wconf 71' lang='lat' dir='ltr'><strong>dedicaverat</strong></span> <span class='ocrx_word' id='word_1_14' title='bbox 804 1233 868 1271; x_wconf 81' lang='lat' dir='ltr'><strong>eom</strong></span> <span class='ocrx_word' id='word_1_15' title='bbox 892 1213 1066 1271; x_wconf 86' lang='lat' dir='ltr'><strong>Osmundus.</strong></span> 
     </span>
    </p>
   </div>
   <div class='ocr_carea' id='block_1_3' title="bbox 830 1808 1065 1895">
    <p class='ocr_par' dir='ltr' id='par_1_3' title="bbox 830 1808 1065 1895">
     <span class='ocr_line' id='line_1_4' title="bbox 830 1808 1065 1895; baseline -0.009 -19"><span class='ocrx_word' id='word_1_16' title='bbox 830 1809 941 1895; x_wconf 74' lang='lat' dir='ltr'><strong>[ono.</strong></span> <span class='ocrx_word' id='word_1_17' title='bbox 966 1808 1065 1893; x_wconf 54' lang='grc' dir='ltr'><strong>νηὶ</strong></span> 
     </span>
    </p>
   </div>
   <div class='ocr_carea' id='block_1_4' title="bbox 414 1998 1617 3226">
    <p class='ocr_par' dir='ltr' id='par_1_4' title="bbox 414 1998 1617 2439">
     <span class='ocr_line' id='line_1_5' title="bbox 415 1998 1617 2155; baseline -0.003 -92"><span class='ocrx_word' id='word_1_18' title='bbox 415 1998 549 2155; x_wconf 78' lang='lat' dir='ltr'><strong>²Cum</strong></span> <span class='ocrx_word' id='word_1_19' title='bbox 583 2007 677 2080; x_wconf 86' lang='lat' dir='ltr'><strong>igitur</strong></span> <span class='ocrx_word' id='word_1_20' title='bbox 710 2007 864 2078; x_wconf 75' lang='lat' dir='ltr'>Remigius</span> <span class='ocrx_word' id='word_1_21' title='bbox 885 2009 995 2080; x_wconf 64' lang='lat' dir='ltr'><strong>praesul</strong></span> <span class='ocrx_word' id='word_1_22' title='bbox 1027 2008 1077 2080; x_wconf 91' lang='lat' dir='ltr'><strong>qui</strong></span> <span class='ocrx_word' id='word_1_23' title='bbox 1109 2025 1203 2080; x_wconf 86' lang='lat' dir='ltr'><strong>nuper</strong></span> <span class='ocrx_word' id='word_1_24' title='bbox 1228 2007 1326 2065; x_wconf 88' lang='lat' dir='ltr'><strong>sedem</strong></span> <span class='ocrx_word' id='word_1_25' title='bbox 1349 2009 1468 2066; x_wconf 88' lang='lat' dir='ltr'><strong>Dorces-</strong></span> <span class='ocrx_word' id='word_1_26' title='bbox 1481 2008 1617 2073; x_wconf 58' lang='lat' dir='ltr'><strong>Higdsii.</strong></span> 
     </span>
     <span class='ocr_line' id='line_1_6' title="bbox 520 2080 1606 2172; baseline 0 -20"><span class='ocrx_word' id='word_1_27' title='bbox 520 2104 647 2154; x_wconf 67' lang='lat' dir='ltr'><strong>mensem</strong></span> <span class='ocrx_word' id='word_1_28' title='bbox 671 2097 708 2153; x_wconf 83' lang='lat' dir='ltr'><strong>ud</strong></span> <span class='ocrx_word' id='word_1_29' title='bbox 723 2097 907 2153; x_wconf 82' lang='lat' dir='ltr'><strong>Lincolniem</strong></span> <span class='ocrx_word' id='word_1_30' title='bbox 923 2097 1122 2164; x_wconf 75' lang='lat' dir='ltr'><strong>transtulerat,</strong></span> <span class='ocrx_word' id='word_1_31' title='bbox 1138 2098 1289 2154; x_wconf 84' lang='lat' dir='ltr'><strong>ecclesium</strong></span> <span class='ocrx_word' id='word_1_32' title='bbox 1305 2099 1383 2172; x_wconf 83' lang='lat' dir='ltr'><strong>opud</strong></span> <span class='ocrx_word' id='word_1_33' title='bbox 1398 2099 1468 2153; x_wconf 90' lang='lat' dir='ltr'><strong>Lin·</strong></span> <span class='ocrx_word' id='word_1_34' title='bbox 1481 2080 1606 2128; x_wconf 61' lang='lat'><strong>⁸⁵⁰‘⁸⁸⁰·</strong></span> 
     </span>
     <span class='ocr_line' id='line_1_7' title="bbox 415 2176 1467 2261; baseline 0.002 -20"><span class='ocrx_word' id='word_1_35' title='bbox 415 2176 565 2242; x_wconf 79' lang='lat' dir='ltr'><strong>colniem³</strong></span> <span class='ocrx_word' id='word_1_36' title='bbox 591 2205 679 2258; x_wconf 79' lang='lat' dir='ltr'><strong>quem</strong></span> <span class='ocrx_word' id='word_1_37' title='bbox 707 2187 743 2242; x_wconf 88' lang='lat' dir='ltr'><strong>de</strong></span> <span class='ocrx_word' id='word_1_38' title='bbox 774 2205 851 2242; x_wconf 87' lang='lat' dir='ltr'><strong>nevo</strong></span> <span class='ocrx_word' id='word_1_39' title='bbox 873 2191 1085 2252; x_wconf 74' lang='lat' dir='ltr'>construxerat,</span> <span class='ocrx_word' id='word_1_40' title='bbox 1107 2187 1240 2243; x_wconf 84' lang='lat' dir='ltr'><strong>dedicore</strong></span> <span class='ocrx_word' id='word_1_41' title='bbox 1263 2189 1467 2261; x_wconf 81' lang='lat' dir='ltr'><strong>proposuisset,</strong></span> 
     </span>
     <span class='ocr_line' id='line_1_8' title="bbox 414 2267 1469 2342; baseline 0 -11"><span class='ocrx_word' id='word_1_42' title='bbox 414 2267 548 2332; x_wconf 80' lang='lat' dir='ltr'><strong>restitit⁴</strong></span> <span class='ocrx_word' id='word_1_43' title='bbox 562 2276 589 2332; x_wconf 91' lang='lat' dir='ltr'><strong>ei</strong></span> <span class='ocrx_word' id='word_1_44' title='bbox 605 2276 731 2332; x_wconf 79' lang='lat' dir='ltr'><strong>Thomes</strong></span> <span class='ocrx_word' id='word_1_45' title='bbox 746 2276 947 2342; x_wconf 81' lang='lat' dir='ltr'><strong>Eboroceusis,</strong></span> <span class='ocrx_word' id='word_1_46' title='bbox 969 2293 1099 2332; x_wconf 80' lang='lat' dir='ltr'><strong>assereus</strong></span> <span class='ocrx_word' id='word_1_47' title='bbox 1124 2277 1222 2332; x_wconf 90' lang='lat' dir='ltr'><strong>locum</strong></span> <span class='ocrx_word' id='word_1_48' title='bbox 1245 2277 1330 2332; x_wconf 89' lang='lat' dir='ltr'><strong>illum</strong></span> <span class='ocrx_word' id='word_1_49' title='bbox 1353 2297 1415 2334; x_wconf 88' lang='lat' dir='ltr'><strong>esse</strong></span> <span class='ocrx_word' id='word_1_50' title='bbox 1436 2275 1469 2332; x_wconf 85' lang='lat' dir='ltr'><strong>in</strong></span> 
     </span>
     <span class='ocr_line' id='line_1_9' title="bbox 415 2365 1469 2439; baseline 0.001 -19"><span class='ocrx_word' id='word_1_51' title='bbox 415 2367 553 2436; x_wconf 74' lang='lat' dir='ltr'><strong>parochio</strong></span> <span class='ocrx_word' id='word_1_52' title='bbox 574 2385 645 2432; x_wconf 67' lang='grc' dir='ltr'><strong>ωας</strong></span> <span class='ocrx_word' id='word_1_53' title='bbox 670 2372 702 2422; x_wconf 79' lang='lat' dir='ltr'><strong>ot</strong></span> <span class='ocrx_word' id='word_1_54' title='bbox 722 2384 774 2421; x_wconf 86' lang='lat' dir='ltr'><strong>rex</strong></span> <span class='ocrx_word' id='word_1_55' title='bbox 795 2365 962 2422; x_wconf 88' lang='lat' dir='ltr'><strong>Willelmus</strong></span> <span class='ocrx_word' id='word_1_56' title='bbox 983 2383 1038 2437; x_wconf 90' lang='lat' dir='ltr'><strong>pro</strong></span> <span class='ocrx_word' id='word_1_57' title='bbox 1059 2367 1184 2437; x_wconf 82' lang='lat' dir='ltr'><strong>pecunie</strong></span> <span class='ocrx_word' id='word_1_58' title='bbox 1205 2384 1294 2439; x_wconf 85' lang='lat' dir='ltr'><strong>quem</strong></span> <span class='ocrx_word' id='word_1_59' title='bbox 1318 2367 1469 2438; x_wconf 76' lang='lat' dir='ltr'><strong>Remigius</strong></span> 
     </span>
    </p>

    <p class='ocr_par' dir='ltr' id='par_1_5' title="bbox 415 2455 1469 2529">
     <span class='ocr_line' id='line_1_10' title="bbox 415 2455 1469 2529; baseline 0.001 -20"><span class='ocrx_word' id='word_1_60' title='bbox 415 2456 492 2510; x_wconf 76' lang='lat' dir='ltr'><strong>olum</strong></span> <span class='ocrx_word' id='word_1_61' title='bbox 526 2456 583 2510; x_wconf 91' lang='lat' dir='ltr'><strong>sibi</strong></span> <span class='ocrx_word' id='word_1_62' title='bbox 614 2455 743 2521; x_wconf 81' lang='lat' dir='ltr'><strong>dederet,</strong></span> <span class='ocrx_word' id='word_1_63' title='bbox 766 2456 920 2510; x_wconf 76' lang='lat' dir='ltr'><strong>mondavit</strong></span> <span class='ocrx_word' id='word_1_64' title='bbox 943 2456 1003 2510; x_wconf 81' lang='lat' dir='ltr'><strong>fere</strong></span> <span class='ocrx_word' id='word_1_65' title='bbox 1026 2455 1162 2511; x_wconf 88' lang='lat' dir='ltr'><strong>omuibus</strong></span> <span class='ocrx_word' id='word_1_66' title='bbox 1185 2457 1304 2526; x_wconf 88' lang='lat' dir='ltr'><strong>Anglise</strong></span> <span class='ocrx_word' id='word_1_67' title='bbox 1327 2455 1469 2529; x_wconf 87' lang='lat' dir='ltr'><strong>episcopis</strong></span> 
     </span>
    </p>

    <p class='ocr_par' dir='ltr' id='par_1_6' title="bbox 415 2543 1470 2612">
     <span class='ocr_line' id='line_1_11' title="bbox 415 2543 1470 2612; baseline 0.002 -14"><span class='ocrx_word' id='word_1_68' title='bbox 415 2549 450 2598; x_wconf 90' lang='lat' dir='ltr'><strong>ut</strong></span> <span class='ocrx_word' id='word_1_69' title='bbox 472 2544 570 2599; x_wconf 88' lang='lat' dir='ltr'><strong>idibus</strong></span> <span class='ocrx_word' id='word_1_70' title='bbox 593 2543 667 2600; x_wconf 84' lang='lat' dir='ltr'><strong>Meii</strong></span> <span class='ocrx_word' id='word_1_71' title='bbox 690 2543 895 2600; x_wconf 83' lang='lat' dir='ltr'><strong>couvenientes</strong></span> <span class='ocrx_word' id='word_1_72' title='bbox 918 2543 1068 2600; x_wconf 80' lang='lat' dir='ltr'><strong>ecclesium</strong></span> <span class='ocrx_word' id='word_1_73' title='bbox 1091 2546 1173 2601; x_wconf 82' lang='lat' dir='ltr'><strong>illem</strong></span> <span class='ocrx_word' id='word_1_74' title='bbox 1195 2546 1383 2612; x_wconf 73' lang='lat' dir='ltr'><strong>dedicarent3</strong></span> <span class='ocrx_word' id='word_1_75' title='bbox 1418 2545 1470 2601; x_wconf 85' lang='lat' dir='ltr'><strong>sed</strong></span> 
     </span>
    </p>

    <p class='ocr_par' dir='ltr' id='par_1_7' title="bbox 415 2632 1469 2796">
     <span class='ocr_line' id='line_1_12' title="bbox 415 2632 1469 2706; baseline 0.001 -17"><span class='ocrx_word' id='word_1_76' title='bbox 415 2632 504 2689; x_wconf 87' lang='lat' dir='ltr'><strong>biduo</strong></span> <span class='ocrx_word' id='word_1_77' title='bbox 541 2639 609 2690; x_wconf 84' lang='lat' dir='ltr'><strong>ente</strong></span> <span class='ocrx_word' id='word_1_78' title='bbox 646 2633 892 2691; x_wconf 78' lang='lat' dir='ltr'><strong>consecrationem</strong></span> <span class='ocrx_word' id='word_1_79' title='bbox 931 2635 1084 2704; x_wconf 77' lang='lat' dir='ltr'><strong>Remigius</strong></span> <span class='ocrx_word' id='word_1_80' title='bbox 1123 2636 1235 2690; x_wconf 88' lang='lat' dir='ltr'><strong>occulto</strong></span> <span class='ocrx_word' id='word_1_81' title='bbox 1274 2633 1321 2692; x_wconf 89' lang='lat' dir='ltr'><strong>dei</strong></span> <span class='ocrx_word' id='word_1_82' title='bbox 1356 2633 1469 2706; x_wconf 88' lang='lat' dir='ltr'><strong>judicio</strong></span> 
     </span>
     <span class='ocr_line' id='line_1_13' title="bbox 416 2721 1469 2796; baseline 0.001 -19"><span class='ocrx_word' id='word_1_83' title='bbox 416 2723 547 2778; x_wconf 87' lang='lat' dir='ltr'><strong>decessit.</strong></span> <span class='ocrx_word' id='word_1_84' title='bbox 599 2724 684 2779; x_wconf 85' lang='lat' dir='ltr'><strong>Soloe</strong></span> <span class='ocrx_word' id='word_1_85' title='bbox 707 2724 852 2779; x_wconf 86' lang='lat' dir='ltr'><strong>Robertus</strong></span> <span class='ocrx_word' id='word_1_86' title='bbox 875 2721 1081 2778; x_wconf 81' lang='lat' dir='ltr'><strong>Herfordeusis</strong></span> <span class='ocrx_word' id='word_1_87' title='bbox 1104 2723 1203 2780; x_wconf 78' lang='lat' dir='ltr'><strong>venius</strong></span> <span class='ocrx_word' id='word_1_88' title='bbox 1226 2725 1374 2788; x_wconf 76' lang='lat' dir='ltr'><strong>abnueret,</strong></span> <span class='ocrx_word' id='word_1_89' title='bbox 1399 2723 1469 2796; x_wconf 84' lang='lat' dir='ltr'><strong>quie</strong></span> 
     </span>
    </p>

    <p class='ocr_par' dir='ltr' id='par_1_8' title="bbox 416 2811 1469 2976">
     <span class='ocr_line' id='line_1_14' title="bbox 416 2811 1469 2886; baseline 0.002 -19"><span class='ocrx_word' id='word_1_90' title='bbox 416 2818 496 2868; x_wconf 85' lang='lat' dir='ltr'><strong>certe</strong></span> <span class='ocrx_word' id='word_1_91' title='bbox 527 2811 654 2869; x_wconf 86' lang='lat' dir='ltr'><strong>siderum</strong></span> <span class='ocrx_word' id='word_1_92' title='bbox 689 2811 869 2885; x_wconf 75' lang='lat' dir='ltr'>inspectione</span> <span class='ocrx_word' id='word_1_93' title='bbox 903 2813 1080 2884; x_wconf 79' lang='lat' dir='ltr'><strong>prteviderot</strong></span> <span class='ocrx_word' id='word_1_94' title='bbox 1103 2819 1133 2868; x_wconf 88' lang='lat' dir='ltr'><strong>et</strong></span> <span class='ocrx_word' id='word_1_95' title='bbox 1155 2813 1329 2886; x_wconf 83' lang='lat' dir='ltr'><strong>praedixerut</strong></span> <span class='ocrx_word' id='word_1_96' title='bbox 1352 2815 1469 2869; x_wconf 82' lang='lat' dir='ltr'><strong>dedice·</strong></span> 
     </span>
     <span class='ocr_line' id='line_1_15' title="bbox 416 2893 1469 2976; baseline 0.001 -21"><span class='ocrx_word' id='word_1_97' title='bbox 416 2901 527 2957; x_wconf 89' lang='lat' dir='ltr'><strong>tionem</strong></span> <span class='ocrx_word' id='word_1_98' title='bbox 559 2902 641 2957; x_wconf 79' lang='lat' dir='ltr'><strong>illem</strong></span> <span class='ocrx_word' id='word_1_99' title='bbox 663 2921 717 2974; x_wconf 88' lang='lat' dir='ltr'><strong>per</strong></span> <span class='ocrx_word' id='word_1_100' title='bbox 739 2893 875 2975; x_wconf 75' lang='lat' dir='ltr'><strong>purtem⁵</strong></span> <span class='ocrx_word' id='word_1_101' title='bbox 899 2901 1029 2973; x_wconf 82' lang='lat' dir='ltr'><strong>Remigii</strong></span> <span class='ocrx_word' id='word_1_102' title='bbox 1054 2920 1236 2974; x_wconf 73' lang='lat' dir='ltr'><strong>nequequam</strong></span> <span class='ocrx_word' id='word_1_103' title='bbox 1260 2921 1469 2976; x_wconf 81' lang='lat' dir='ltr'><strong>processurum.</strong></span> 
     </span>
    </p>

    <p class='ocr_par' dir='ltr' id='par_1_9' title="bbox 415 2990 1468 3152">
     <span class='ocr_line' id='line_1_16' title="bbox 415 2990 1468 3064; baseline -0.001 -18"><span class='ocrx_word' id='word_1_104' title='bbox 415 2991 474 3047; x_wconf 86' lang='lat' dir='ltr'><strong>Hic</strong></span> <span class='ocrx_word' id='word_1_105' title='bbox 496 3009 602 3062; x_wconf 89' lang='lat' dir='ltr'><strong>nempe</strong></span> <span class='ocrx_word' id='word_1_106' title='bbox 625 2991 778 3064; x_wconf 79' lang='lat' dir='ltr'><strong>Remigius</strong></span> <span class='ocrx_word' id='word_1_107' title='bbox 800 3009 868 3046; x_wconf 89' lang='lat' dir='ltr'><strong>cum</strong></span> <span class='ocrx_word' id='word_1_108' title='bbox 890 3010 952 3062; x_wconf 76' lang='lat' dir='ltr'><strong>pras</strong></span> <span class='ocrx_word' id='word_1_109' title='bbox 976 2990 1104 3063; x_wconf 86' lang='lat' dir='ltr'><strong>eorporis</strong></span> <span class='ocrx_word' id='word_1_110' title='bbox 1126 2992 1286 3063; x_wconf 76' lang='lat' dir='ltr'><strong>exiguitate</strong></span> <span class='ocrx_word' id='word_1_111' title='bbox 1309 3011 1382 3064; x_wconf 90' lang='lat' dir='ltr'><strong>pene</strong></span> <span class='ocrx_word' id='word_1_112' title='bbox 1404 3009 1468 3064; x_wconf 82' lang='lat' dir='ltr'><strong>por-</strong></span> 
     </span>
     <span class='ocr_line' id='line_1_17' title="bbox 415 3071 1467 3152; baseline 0.001 -18"><span class='ocrx_word' id='word_1_113' title='bbox 415 3084 530 3136; x_wconf 78' lang='lat' dir='ltr'><strong>tentum</strong></span> <span class='ocrx_word' id='word_1_114' title='bbox 553 3081 703 3137; x_wconf 85' lang='lat' dir='ltr'><strong>videretur</strong></span> <span class='ocrx_word' id='word_1_115' title='bbox 724 3071 854 3147; x_wconf 74' lang='lat' dir='ltr'><strong>nuturo,fi</strong></span> <span class='ocrx_word' id='word_1_116' title='bbox 877 3081 1010 3136; x_wconf 76' lang='lat' dir='ltr'><strong>animum</strong></span> <span class='ocrx_word' id='word_1_117' title='bbox 1042 3099 1216 3152; x_wconf 87' lang='lat' dir='ltr'><strong>generosum</strong></span> <span class='ocrx_word' id='word_1_118' title='bbox 1242 3082 1320 3138; x_wconf 83' lang='lat' dir='ltr'><strong>fores</strong></span> <span class='ocrx_word' id='word_1_119' title='bbox 1351 3081 1467 3146; x_wconf 88' lang='lat' dir='ltr'><strong>extulit,</strong></span> 
     </span>
    </p>

    <p class='ocr_par' dir='ltr' id='par_1_10' title="bbox 414 3167 610 3226">
     <span class='ocr_line' id='line_1_18' title="bbox 414 3167 610 3226; baseline 0.005 -3"><span class='ocrx_word' id='word_1_120' title='bbox 414 3167 457 3224; x_wconf 84' lang='lat' dir='ltr'><strong>ite</strong></span> <span class='ocrx_word' id='word_1_121' title='bbox 478 3176 513 3225; x_wconf 91' lang='lat' dir='ltr'><strong>ut</strong></span> <span class='ocrx_word' id='word_1_122' title='bbox 535 3175 610 3226; x_wconf 86' lang='lat' dir='ltr'><strong>esset</strong></span> 
     </span>
    </p>
   </div>
   <div class='ocr_carea' id='block_1_5' title="bbox 593 3295 1290 3370">
    <p class='ocr_par' dir='ltr' id='par_1_11' title="bbox 593 3295 1290 3370">
     <span class='ocr_line' id='line_1_19' title="bbox 593 3295 1290 3370; baseline 0.006 -20"><span class='ocrx_word' id='word_1_123' title='bbox 593 3295 711 3352; x_wconf 82' lang='lat' dir='ltr'><strong>Grotior</strong></span> <span class='ocrx_word' id='word_1_124' title='bbox 732 3295 840 3366; x_wconf 85' lang='lat' dir='ltr'><strong>exiguo</strong></span> <span class='ocrx_word' id='word_1_125' title='bbox 862 3295 982 3352; x_wconf 78' lang='lat' dir='ltr'><strong>veniens</strong></span> <span class='ocrx_word' id='word_1_126' title='bbox 1005 3316 1022 3352; x_wconf 84' lang='lat' dir='ltr'><strong>e</strong></span> <span class='ocrx_word' id='word_1_127' title='bbox 1045 3314 1164 3370; x_wconf 87' lang='lat' dir='ltr'><strong>corpore</strong></span> <span class='ocrx_word' id='word_1_128' title='bbox 1186 3297 1290 3354; x_wconf 81' lang='lat' dir='ltr'><strong>virtue.</strong></span> 
     </span>
    </p>
   </div>
   <div class='ocr_carea' id='block_1_6' title="bbox 413 3439 1469 3522">
    <p class='ocr_par' dir='ltr' id='par_1_12' title="bbox 413 3439 1469 3522">
     <span class='ocr_line' id='line_1_20' title="bbox 413 3439 1469 3522; baseline 0.003 -22"><span class='ocrx_word' id='word_1_129' title='bbox 413 3446 492 3502; x_wconf 90' lang='lat' dir='ltr'><strong>Huic</strong></span> <span class='ocrx_word' id='word_1_130' title='bbox 514 3446 650 3519; x_wconf 79' lang='lat' dir='ltr'><strong>Remigio</strong></span> <span class='ocrx_word' id='word_1_131' title='bbox 673 3449 811 3505; x_wconf 87' lang='lat' dir='ltr'><strong>successit</strong></span> <span class='ocrx_word' id='word_1_132' title='bbox 833 3452 977 3508; x_wconf 86' lang='lat' dir='ltr'><strong>Robertus</strong></span> <span class='ocrx_word' id='word_1_133' title='bbox 994 3439 1106 3514; x_wconf 82' lang='lat' dir='ltr'><strong>Biuot‚⁷</strong></span> <span class='ocrx_word' id='word_1_134' title='bbox 1124 3450 1171 3505; x_wconf 80' lang='lat' dir='ltr'><strong>vir</strong></span> <span class='ocrx_word' id='word_1_135' title='bbox 1193 3449 1377 3516; x_wconf 88' lang='lat' dir='ltr'><strong>libidinosus,</strong></span> <span class='ocrx_word' id='word_1_136' title='bbox 1394 3439 1469 3522; x_wconf 80' lang='lat' dir='ltr'><strong>qui8</strong></span> 
     </span>
    </p>
   </div>
   <div class='ocr_carea' id='block_1_7' title="bbox 412 3535 1467 4052">
    <p class='ocr_par' dir='ltr' id='par_1_13' title="bbox 412 3535 1467 4052">
     <span class='ocr_line' id='line_1_21' title="bbox 413 3535 1467 3613; baseline 0.005 -24"><span class='ocrx_word' id='word_1_137' title='bbox 413 3535 625 3592; x_wconf 75' lang='lat' dir='ltr'><strong>dedicationem</strong></span> <span class='ocrx_word' id='word_1_138' title='bbox 649 3539 779 3608; x_wconf 83' lang='lat' dir='ltr'><strong>segniter</strong></span> <span class='ocrx_word' id='word_1_139' title='bbox 800 3543 945 3613; x_wconf 81' lang='lat' dir='ltr'><strong>explevit:</strong></span> <span class='ocrx_word' id='word_1_140' title='bbox 980 3541 1030 3611; x_wconf 89' lang='lat' dir='ltr'><strong>qui</strong></span> <span class='ocrx_word' id='word_1_141' title='bbox 1062 3540 1181 3595; x_wconf 72' lang='lat' dir='ltr'><strong>tandem</strong></span> <span class='ocrx_word' id='word_1_142' title='bbox 1208 3539 1285 3612; x_wconf 78' lang='lat' dir='ltr'><strong>apud</strong></span> <span class='ocrx_word' id='word_1_143' title='bbox 1309 3539 1467 3596; x_wconf 88' lang='lat' dir='ltr'><strong>Wodstoke</strong></span> 
     </span>
     <span class='ocr_line' id='line_1_22' title="bbox 413 3626 1466 3700; baseline 0.003 -21"><span class='ocrx_word' id='word_1_144' title='bbox 413 3626 543 3682; x_wconf 84' lang='lat' dir='ltr'><strong>olutere</strong></span> <span class='ocrx_word' id='word_1_145' title='bbox 565 3627 643 3697; x_wconf 90' lang='lat' dir='ltr'><strong>regis</strong></span> <span class='ocrx_word' id='word_1_146' title='bbox 666 3628 807 3685; x_wconf 87' lang='lat' dir='ltr'><strong>decedens</strong></span> <span class='ocrx_word' id='word_1_147' title='bbox 830 3633 1015 3687; x_wconf 76' lang='lat' dir='ltr'><strong>excatenatus</strong></span> <span class='ocrx_word' id='word_1_148' title='bbox 1045 3634 1096 3684; x_wconf 91' lang='lat' dir='ltr'><strong>est.</strong></span> <span class='ocrx_word' id='word_1_149' title='bbox 1156 3628 1228 3699; x_wconf 82' lang='lat' dir='ltr'><strong>Ejus</strong></span> <span class='ocrx_word' id='word_1_150' title='bbox 1251 3627 1362 3684; x_wconf 81' lang='lat' dir='ltr'><strong>viscere</strong></span> <span class='ocrx_word' id='word_1_151' title='bbox 1389 3628 1466 3700; x_wconf 85' lang='lat' dir='ltr'><strong>opud</strong></span> 
     </span>
     <span class='ocr_line' id='line_1_23' title="bbox 412 3708 1465 3793; baseline 0.002 -25"><span class='ocrx_word' id='word_1_152' title='bbox 412 3716 620 3770; x_wconf 81' lang='lat' dir='ltr'><strong>monesterium</strong></span> <span class='ocrx_word' id='word_1_153' title='bbox 644 3708 855 3787; x_wconf 74' lang='lat' dir='ltr'><strong>Rugueshem⁹</strong></span> <span class='ocrx_word' id='word_1_154' title='bbox 877 3719 956 3793; x_wconf 85' lang='lat' dir='ltr'><strong>quod</strong></span> <span class='ocrx_word' id='word_1_155' title='bbox 986 3720 1048 3789; x_wconf 87' lang='lat' dir='ltr'><strong>ipse</strong></span> <span class='ocrx_word' id='word_1_156' title='bbox 1064 3718 1249 3783; x_wconf 76' lang='lat' dir='ltr'><strong>fundaverat,</strong></span> <span class='ocrx_word' id='word_1_157' title='bbox 1265 3723 1372 3773; x_wconf 81' lang='lat' dir='ltr'><strong>coetero</strong></span> <span class='ocrx_word' id='word_1_158' title='bbox 1387 3717 1465 3789; x_wconf 79' lang='lat' dir='ltr'><strong>opud</strong></span> 
     </span>
     <span class='ocr_line' id='line_1_24' title="bbox 413 3803 1464 3875; baseline 0.004 -19"><span class='ocrx_word' id='word_1_159' title='bbox 413 3803 596 3860; x_wconf 85' lang='lat' dir='ltr'><strong>Lincolniom</strong></span> <span class='ocrx_word' id='word_1_160' title='bbox 619 3811 689 3860; x_wconf 83' lang='lat' dir='ltr'><strong>sunt</strong></span> <span class='ocrx_word' id='word_1_161' title='bbox 710 3807 875 3875; x_wconf 58' lang='lat' dir='ltr'><strong>cumulem</strong></span> <span class='ocrx_word' id='word_1_162' title='bbox 908 3808 959 3863; x_wconf 87' lang='lat' dir='ltr'><strong>nbi</strong></span> <span class='ocrx_word' id='word_1_163' title='bbox 983 3808 1052 3863; x_wconf 84' lang='lat' dir='ltr'><strong>sutis</strong></span> <span class='ocrx_word' id='word_1_164' title='bbox 1075 3807 1227 3863; x_wconf 80' lang='lat' dir='ltr'><strong>oonstebut</strong></span> <span class='ocrx_word' id='word_1_165' title='bbox 1250 3807 1308 3864; x_wconf 88' lang='lat' dir='ltr'><strong>loci</strong></span> <span class='ocrx_word' id='word_1_166' title='bbox 1330 3807 1464 3862; x_wconf 78' lang='lat' dir='ltr'><strong>custodes</strong></span> 
     </span>
     <span class='ocr_line' id='line_1_25' title="bbox 412 3894 1465 3970; baseline 0.004 -24"><span class='ocrx_word' id='word_1_167' title='bbox 412 3894 564 3949; x_wconf 75' lang='lat' dir='ltr'><strong>nocturnis</strong></span> <span class='ocrx_word' id='word_1_168' title='bbox 586 3894 696 3950; x_wconf 89' lang='lat' dir='ltr'><strong>umbris</strong></span> <span class='ocrx_word' id='word_1_169' title='bbox 718 3896 879 3967; x_wconf 77' lang='lat' dir='ltr'><strong>exagitatos</strong></span> <span class='ocrx_word' id='word_1_170' title='bbox 913 3915 1063 3970; x_wconf 85' lang='lat' dir='ltr'><strong>quousque</strong></span> <span class='ocrx_word' id='word_1_171' title='bbox 1095 3897 1177 3954; x_wconf 84' lang='lat' dir='ltr'><strong>locus</strong></span> <span class='ocrx_word' id='word_1_172' title='bbox 1200 3897 1262 3969; x_wconf 91' lang='lat' dir='ltr'><strong>ipse</strong></span> <span class='ocrx_word' id='word_1_173' title='bbox 1284 3895 1465 3952; x_wconf 78' lang='lat' dir='ltr'><strong>orationibus</strong></span> 
     </span>
     <span class='ocr_line' id='line_1_26' title="bbox 414 3982 550 4052; baseline 0.029 -18"><span class='ocrx_word' id='word_1_174' title='bbox 414 3982 550 4052; x_wconf 78' lang='lat' dir='ltr'><strong>pinsetur.</strong></span> 
     </span>
    </p>
   </div>
   <div class='ocr_carea' id='block_1_8' title="bbox 411 4274 1507 4900">
    <p class='ocr_par' dir='ltr' id='par_1_14' title="bbox 411 4274 1507 4900">
     <span class='ocr_line' id='line_1_27' title="bbox 447 4274 1466 4345; baseline 0.004 -21"><span class='ocrx_word' id='word_1_175' title='bbox 447 4274 454 4306; x_wconf 88' lang='lat'>¹</span> <span class='ocrx_word' id='word_1_176' title='bbox 473 4275 529 4325; x_wconf 87' lang='lat' dir='ltr'><strong>The</strong></span> <span class='ocrx_word' id='word_1_177' title='bbox 541 4275 644 4340; x_wconf 71' lang='lat' dir='ltr'><strong>chapter</strong></span> <span class='ocrx_word' id='word_1_178' title='bbox 660 4275 682 4326; x_wconf 86' lang='lat' dir='ltr'><strong>is</strong></span> <span class='ocrx_word' id='word_1_179' title='bbox 699 4283 745 4326; x_wconf 84' lang='lat' dir='ltr'><strong>not</strong></span> <span class='ocrx_word' id='word_1_180' title='bbox 762 4279 866 4329; x_wconf 80' lang='lat' dir='ltr'><strong>marked</strong></span> <span class='ocrx_word' id='word_1_181' title='bbox 885 4277 913 4328; x_wconf 89' lang='lat' dir='ltr'><strong>in</strong></span> <span class='ocrx_word' id='word_1_182' title='bbox 940 4281 943 4297; x_wconf 84' lang='lat'><strong>¹</strong></span> <span class='ocrx_word' id='word_1_183' title='bbox 965 4280 1031 4329; x_wconf 74' lang='lat' dir='ltr'><strong>catio</strong></span> <span class='ocrx_word' id='word_1_184' title='bbox 1044 4277 1155 4328; x_wconf 74' lang='lat' dir='ltr'><strong>ecclesio</strong></span> <span class='ocrx_word' id='word_1_185' title='bbox 1168 4277 1347 4330; x_wconf 77' lang='lat' dir='ltr'><strong>Lineoineueis</strong></span> <span class='ocrx_word' id='word_1_186' title='bbox 1359 4279 1466 4345; x_wconf 77' lang='lat' dir='ltr'><strong>impedi-</strong></span> 
     </span>
     <span class='ocr_line' id='line_1_28' title="bbox 412 4354 1015 4420; baseline 0.008 -17"><span class='ocrx_word' id='word_1_187' title='bbox 412 4354 470 4406; x_wconf 83' lang='lat' dir='ltr'><strong>MS.</strong></span> <span class='ocrx_word' id='word_1_188' title='bbox 482 4362 572 4419; x_wconf 84' lang='lat' dir='ltr'><strong>except</strong></span> <span class='ocrx_word' id='word_1_189' title='bbox 582 4357 618 4420; x_wconf 78' lang='lat' dir='ltr'><strong>by</strong></span> <span class='ocrx_word' id='word_1_190' title='bbox 626 4355 760 4420; x_wconf 77' lang='lat' dir='ltr'><strong>thelsrger</strong></span> <span class='ocrx_word' id='word_1_191' title='bbox 768 4355 912 4408; x_wconf 74' lang='lat' dir='ltr'><strong>characters</strong></span> <span class='ocrx_word' id='word_1_192' title='bbox 964 4364 1015 4408; x_wconf 80' lang='lat' dir='ltr'><strong>tur.</strong></span> 
     </span>
     <span class='ocr_line' id='line_1_29' title="bbox 412 4431 1507 4504; baseline 0.008 -24"><span class='ocrx_word' id='word_1_193' title='bbox 412 4433 440 4480; x_wconf 79' lang='lat' dir='ltr'><strong>of</strong></span> <span class='ocrx_word' id='word_1_194' title='bbox 459 4433 502 4483; x_wconf 85' lang='lat' dir='ltr'><strong>the</strong></span> <span class='ocrx_word' id='word_1_195' title='bbox 513 4431 567 4482; x_wconf 80' lang='lat' dir='ltr'><strong>first</strong></span> <span class='ocrx_word' id='word_1_196' title='bbox 585 4433 635 4483; x_wconf 83' lang='lat' dir='ltr'><strong>few</strong></span> <span class='ocrx_word' id='word_1_197' title='bbox 655 4435 805 4496; x_wconf 64' lang='lat' dir='ltr'><strong>wordunor</strong></span> <span class='ocrx_word' id='word_1_198' title='bbox 821 4435 848 4485; x_wconf 88' lang='lat' dir='ltr'><strong>in</strong></span> <span class='ocrx_word' id='word_1_199' title='bbox 868 4438 914 4495; x_wconf 84' lang='lat' dir='ltr'><strong>A..</strong></span> <span class='ocrx_word' id='word_1_200' title='bbox 997 4437 1193 4504; x_wconf 69' lang='grc' dir='ltr'><strong>ὅρετριινιοηι]</strong></span> <span class='ocrx_word' id='word_1_201' title='bbox 1207 4437 1415 4503; x_wconf 73' lang='lat' dir='ltr'><strong>tempore,1{igd.</strong></span> <span class='ocrx_word' id='word_1_202' title='bbox 1499 4433 1507 4448; x_wconf 88' lang='lat'>&#39;</span> 
     </span>
     <span class='ocr_line' id='line_1_30' title="bbox 411 4511 1443 4583; baseline 0.009 -25"><span class='ocrx_word' id='word_1_203' title='bbox 411 4512 458 4560; x_wconf 91' lang='lat' dir='ltr'><strong>but</strong></span> <span class='ocrx_word' id='word_1_204' title='bbox 469 4512 504 4574; x_wconf 88' lang='lat' dir='ltr'><strong>by</strong></span> <span class='ocrx_word' id='word_1_205' title='bbox 516 4527 532 4560; x_wconf 83' lang='lat' dir='ltr'><strong>o</strong></span> <span class='ocrx_word' id='word_1_206' title='bbox 542 4511 612 4578; x_wconf 77' lang='lat' dir='ltr'><strong>lorge</strong></span> <span class='ocrx_word' id='word_1_207' title='bbox 622 4511 782 4564; x_wconf 79' lang='lat' dir='ltr'><strong>illumineted</strong></span> <span class='ocrx_word' id='word_1_208' title='bbox 791 4516 873 4564; x_wconf 82' lang='lat' dir='ltr'><strong>letter.</strong></span> <span class='ocrx_word' id='word_1_209' title='bbox 997 4515 1007 4548; x_wconf 77' lang='lat'><strong>⁶</strong></span> <span class='ocrx_word' id='word_1_210' title='bbox 1025 4517 1136 4583; x_wconf 79' lang='lat' dir='ltr'><strong>notura]</strong></span> <span class='ocrx_word' id='word_1_211' title='bbox 1152 4523 1272 4568; x_wconf 79' lang='lat' dir='ltr'><strong>naturam</strong></span> <span class='ocrx_word' id='word_1_212' title='bbox 1283 4519 1353 4580; x_wconf 80' lang='lat' dir='ltr'><strong>vicit,</strong></span> <span class='ocrx_word' id='word_1_213' title='bbox 1365 4517 1443 4580; x_wconf 87' lang='lat' dir='ltr'><strong>Higd.</strong></span> 
     </span>
     <span class='ocr_line' id='line_1_31' title="bbox 446 4589 1199 4661; baseline 0.008 -21"><span class='ocrx_word' id='word_1_214' title='bbox 446 4589 548 4640; x_wconf 80' lang='lat' dir='ltr'><strong>²sinh</strong></span> <span class='ocrx_word' id='word_1_215' title='bbox 576 4593 652 4641; x_wconf 86' lang='lat' dir='ltr'><strong>letter</strong></span> <span class='ocrx_word' id='word_1_216' title='bbox 680 4591 711 4641; x_wconf 82' lang='lat' dir='ltr'><strong>of</strong></span> <span class='ocrx_word' id='word_1_217' title='bbox 736 4591 780 4642; x_wconf 78' lang='lat' dir='ltr'><strong>the</strong></span> <span class='ocrx_word' id='word_1_218' title='bbox 807 4593 913 4644; x_wconf 81' lang='lat' dir='ltr'><strong>writer’s</strong></span> <span class='ocrx_word' id='word_1_219' title='bbox 996 4595 1006 4632; x_wconf 74' lang='lat'><em>³</em></span> <span class='ocrx_word' id='word_1_220' title='bbox 1027 4594 1199 4661; x_wconf 75' lang='lat' dir='ltr'><strong>BIoet,Higd.</strong></span> 
     </span>
     <span class='ocr_line' id='line_1_32' title="bbox 412 4674 1468 4740; baseline 0.008 -22"><span class='ocrx_word' id='word_1_221' title='bbox 412 4685 496 4720; x_wconf 86' lang='lat' dir='ltr'><strong>numo.</strong></span> <span class='ocrx_word' id='word_1_222' title='bbox 996 4674 1007 4705; x_wconf 79' lang='lat'><strong>⁸</strong></span> <span class='ocrx_word' id='word_1_223' title='bbox 1025 4675 1067 4725; x_wconf 87' lang='lat' dir='ltr'><strong>On</strong></span> <span class='ocrx_word' id='word_1_224' title='bbox 1083 4675 1126 4725; x_wconf 84' lang='lat' dir='ltr'><strong>the</strong></span> <span class='ocrx_word' id='word_1_225' title='bbox 1146 4675 1247 4740; x_wconf 79' lang='lat' dir='ltr'><strong>margin</strong></span> <span class='ocrx_word' id='word_1_226' title='bbox 1258 4675 1290 4724; x_wconf 85' lang='lat' dir='ltr'><strong>of</strong></span> <span class='ocrx_word' id='word_1_227' title='bbox 1304 4674 1367 4724; x_wconf 86' lang='lat' dir='ltr'><strong>both</strong></span> <span class='ocrx_word' id='word_1_228' title='bbox 1379 4674 1468 4740; x_wconf 64' lang='lat' dir='ltr'><strong>MSS„</strong></span> 
     </span>
     <span class='ocr_line' id='line_1_33' title="bbox 444 4747 1336 4819; baseline 0.007 -22"><span class='ocrx_word' id='word_1_229' title='bbox 444 4747 456 4780; x_wconf 78' lang='lat'>⁸</span> <span class='ocrx_word' id='word_1_230' title='bbox 471 4749 544 4812; x_wconf 82' lang='lat' dir='ltr'><strong>apud</strong></span> <span class='ocrx_word' id='word_1_231' title='bbox 556 4747 728 4813; x_wconf 76' lang='lat' dir='ltr'><strong>lincolniam,</strong></span> <span class='ocrx_word' id='word_1_232' title='bbox 739 4767 788 4802; x_wconf 90' lang='lat' dir='ltr'><strong>om.</strong></span> <span class='ocrx_word' id='word_1_233' title='bbox 802 4751 878 4817; x_wconf 84' lang='lat' dir='ltr'><strong>Higd.</strong></span> <span class='ocrx_word' id='word_1_234' title='bbox 966 4752 1095 4804; x_wconf 74' lang='lat' dir='ltr'><strong>liebertus</strong></span> <span class='ocrx_word' id='word_1_235' title='bbox 1107 4754 1185 4804; x_wconf 80' lang='lat' dir='ltr'><strong>Biuet</strong></span> <span class='ocrx_word' id='word_1_236' title='bbox 1196 4755 1336 4819; x_wconf 80' lang='lat' dir='ltr'><strong>epiecopus.</strong></span> 
     </span>
     <span class='ocr_line' id='line_1_34' title="bbox 446 4827 1290 4900; baseline 0.013 -25"><span class='ocrx_word' id='word_1_237' title='bbox 446 4827 456 4860; x_wconf 81' lang='lat'><strong>⁴</strong></span> <span class='ocrx_word' id='word_1_238' title='bbox 474 4827 542 4877; x_wconf 82' lang='lat' dir='ltr'><strong>llere</strong></span> <span class='ocrx_word' id='word_1_239' title='bbox 555 4843 588 4876; x_wconf 88' lang='lat' dir='ltr'><strong>on</strong></span> <span class='ocrx_word' id='word_1_240' title='bbox 600 4829 661 4879; x_wconf 87' lang='lat' dir='ltr'><strong>both</strong></span> <span class='ocrx_word' id='word_1_241' title='bbox 673 4830 785 4894; x_wconf 81' lang='lat' dir='ltr'><strong>margins</strong></span> <span class='ocrx_word' id='word_1_242' title='bbox 796 4831 817 4880; x_wconf 88' lang='lat' dir='ltr'><strong>is</strong></span> <span class='ocrx_word' id='word_1_243' title='bbox 833 4829 914 4881; x_wconf 74' lang='lat' dir='ltr'><strong>Dedi·</strong></span> <span class='ocrx_word' id='word_1_244' title='bbox 996 4833 1006 4864; x_wconf 78' lang='lat'><strong>⁹</strong></span> <span class='ocrx_word' id='word_1_245' title='bbox 1025 4833 1198 4897; x_wconf 78' lang='lat' dir='ltr'><strong>Eyynestem,</strong></span> <span class='ocrx_word' id='word_1_246' title='bbox 1212 4835 1290 4900; x_wconf 84' lang='lat' dir='ltr'><strong>IIigd.</strong></span> 
     </span>
    </p>
   </div>
   <div class='ocr_carea' id='block_1_9' title="bbox 0 0 1818 5784">
    <p class='ocr_par' dir='ltr' id='par_1_15' title="bbox 0 0 1818 5784">
     <span class='ocr_line' id='line_1_35' title="bbox 0 0 1818 5784; baseline 0 0"><span class='ocrx_word' id='word_1_247' title='bbox 0 0 1818 5784; x_wconf 95' lang='lat' dir='ltr'><strong> </strong></span> 
     </span>
    </p>
   </div>
  </div>
 </body>
</html>
