3625 5784
412 828 479 894 430
761 836 910 889 niumm
933 834 1117 889 umentes

412 1028 489 1086 doto
534 1030 629 1101 Quam
650 1031 723 1090 iooit
753 1051 807 1089 rex
837 1032 972 1091 Franeiae
1004 1034 1114 1090 moseri
1148 1050 1217 1090 oum
1239 1038 1334 1089 metm
1357 1050 1410 1090 sus
1432 1032 1465 1087 in

412 1119 556 1175 oomitstu
577 1121 712 1179 Pontivo.
758 1123 819 1181 Sed
849 1129 944 1180 matre
969 1127 999 1180 et
1021 1123 1083 1180 filio
1106 1122 1139 1179 in
1161 1113 1390 1180 transmarinis¹
1421 1121 1464 1177 sie

412 1208 631 1267 demorantibus
652 1230 707 1269 neo
729 1212 826 1269 redire
849 1213 1026 1280 volentibus,
1042 1217 1094 1270 aut
1115 1218 1196 1270 oerte
1217 1218 1338 1286 propter
1352 1216 1465 1268 matum

413 1298 655 1371 Dispensatorum
686 1320 815 1359 remeare
851 1321 912 1379 non
947 1304 1134 1369 audentibus,
1174 1321 1226 1358 rex
1268 1302 1389 1374 Angliae
1428 1302 1465 1357 de

412 1389 536 1445 oonsilio
583 1391 710 1447 duorum
755 1392 998 1466 Dispensatornm
1055 1392 1205 1465 exlegsvit
1251 1397 1281 1449 at
1328 1390 1464 1448 bannivit

413 1479 530 1551 publioe
553 1482 586 1535 in
613 1481 676 1537 foro
702 1480 865 1539 Isoudoniae
887 1500 1008 1539 uxorem
1034 1500 1118 1539 susm
1142 1487 1173 1539 et
1197 1482 1293 1537 filium
1323 1486 1465 1554 tanquam

413 1569 500 1640 regni
525 1569 699 1643 proditores,

245 1681 313 1731 nn.
327 1686 400 1733 isis.
457 1662 558 1728 Anno
579 1664 732 1749 sequenti
754 1668 829 1730 orta
850 1669 901 1731 est
923 1664 1086 1731 discordia
1109 1665 1197 1731 inter
1224 1686 1335 1753 regem
1360 1662 1585 1758 itinn-hyms·

245 1772 375 1837 Tbekina
414 1763 473 1829 oiae
497 1771 531 1831 et
553 1765 685 1852 Angliae
707 1788 746 1832 eo
769 1768 857 1852 quod
879 1790 940 1833 rex
962 1766 1093 1856 Anglias
1123 1767 1231 1833 noluit
1264 1767 1373 1833 faoeie
1404 1766 1464 1830 ho·
1477 1755 1578 1797 Μ’·

244 1839 402 1956 m?
415 1866 561 1954 magiam
584 1868 654 1954 regi
678 1868 828 1935 Franoiae
843 1891 904 1955 pro
927 1870 1023 1935 terris
1046 1871 1114 1935 suis
1137 1870 1173 1933 in
1188 1868 1359 1949 Vasconis,
1377 1868 1466 1933 unde

244 1972 396 2087 {ohanna
416 1990 476 2033 rex
498 1968 647 2035 Franoiae
669 1970 762 2035 misit
784 1970 1019 2037 ioititudinem
1041 1993 1197 2061 magnam
1219 1972 1255 2036 in
1270 1971 1467 2037 Vaseoniam

245 2038 362 2171 0225*
415 2070 527 2137 seisire
549 2076 673 2136 terram
700 2073 736 2135 in
769 2093 905 2137 manum
938 2093 1042 2149 suam,
1065 2078 1099 2138 et
1133 2094 1192 2139 rex
1215 2072 1346 2160 Angliae
1380 2094 1468 2137 auno

413 2173 531 2261 gratiae
562 2190 769 2239 mcccxxnn.
802 2174 895 2239 misit
918 2174 1041 2239 ibidem
1064 2196 1124 2262 pro
1156 2174 1346 2241 defensione
1369 2178 1468 2240 terrae

413 2274 525 2361 plnres
558 2276 687 2341 nobiles
719 2278 822 2365 regni,
844 2277 971 2343 seilicet
1001 2278 1154 2344 comitem
1179 2278 1309 2345 Cantiae
1331 2277 1468 2343 fratrem

244 2375 351 2443 English
412 2399 520 2455 suum,
542 2380 695 2444 oomitem
718 2380 759 2445 de
781 2380 922 2457 Asseles,
945 2380 1115 2445 dominum
1148 2380 1328 2446 Raduliiim
1352 2380 1469 2446 Bas-det

244 2450 401 2559 fflffm
413 2482 454 2547 de
477 2480 641 2569 Drayton,
663 2482 834 2547 dominum
864 2482 1045 2547 Ricardum
1070 2482 1178 2569 Greye
1201 2483 1242 2548 de
1266 2482 1470 2561 Oodonoum,

243 2576 400 2626 thamnan.
413 2584 584 2649 dominum
608 2583 807 2650 Nioholaum
829 2582 969 2649 fratrem
993 2584 1074 2670 ejus,
1089 2584 1258 2651 dominum
1282 2586 1469 2650 Johsnnem

413 2687 456 2753 de
477 2691 593 2753 sancto
618 2687 781 2765 Johanne,
815 2688 986 2753 dominum
1020 2688 1208 2753 Johanuem
1242 2688 1284 2753 de
1314 2688 1469 2775 Segmve

413 2790 585 2855 dominum
609 2790 816 2875 Stephanum
838 2791 946 2856 filium
974 2790 1131 2876 ejusdem,
1153 2797 1188 2856 et
1217 2791 1388 2856 dominnm
1410 2792 1470 2856 Jo-

412 2893 556 2959 hannem
579 2892 716 2959 fratrem
739 2893 819 2979 ejus.
865 2892 1070 2980 Oonoeperat
1099 2915 1242 2978 namque
1271 2916 1331 2959 rex
1360 2894 1469 2981 indig-

243 2986 389 3120 ffiff‘
414 2995 585 3061 nationem
628 3000 745 3060 eontra
782 2994 813 3059 le
851 2993 1015 3083 Segraves
1053 3016 1113 3081 pro
1151 2996 1304 3061 evasione
1342 2995 1468 3060 domini

245 3121 354 3198 meua
415 3096 537 3184 Rogeri
561 3096 591 3161 le
616 3096 790 3162 Mortimer
812 3098 869 3182 qui
893 3101 1046 3163 evaserat
1068 3098 1110 3163 de
1132 3098 1218 3163 turri
1238 3098 1470 3175 londoniensi,

244 3194 347 3253 against
358 3187 403 3239 ‘¹¹⁰
416 3203 451 3265 et
473 3200 547 3265 ideo
569 3198 663 3265 misit
685 3222 740 3265 eos
762 3220 824 3286 pro
838 3221 953 3264 eorum
976 3200 1117 3265 interitu
1133 3206 1167 3266 et
1189 3200 1301 3287 plures
1323 3199 1405 3265 alios
1428 3200 1470 3264 de

243 3254 376 3320 flegma.
415 3324 526 3391 regno,
549 3303 607 3389 qui
630 3303 734 3389 spisse
756 3302 985 3367 moriebantur
1007 3302 1140 3379 ibidem,
1161 3307 1196 3368 et
1218 3302 1314 3389 pauci
1338 3302 1395 3387 qui
1418 3323 1469 3366 re·

415 3409 606 3470 manserant
622 3410 698 3490 post
717 3404 882 3469 diutinam
905 3404 1135 3470 infirmitatem
1151 3424 1227 3470 oum
1242 3425 1363 3492 magne
1385 3402 1470 3469 diffi-

414 3509 540 3574 cultate
562 3506 645 3571 vix²
675 3507 853 3572 sanitatem
884 3506 1113 3593 adquirebnnt.
1160 3506 1278 3573 Franoi
1309 3506 1470 3571 insultum

414 3609 565 3675 fecerunt
587 3612 703 3674 eontra
724 3608 891 3696 Anglioos,
906 3613 942 3675 et
964 3609 1028 3695 ipsi
1052 3608 1195 3674 viriliter
1219 3608 1414 3673 restiterunt
1435 3612 1470 3673 et

414 3715 568 3797 potenter
589 3712 713 3797 seipsos
729 3710 963 3790 defendebant,
978 3711 1113 3777 tandem
1129 3716 1227 3799 oapta
1242 3716 1360 3799 treuga
1383 3710 1471 3775 inter

414 3834 517 3900 reges,
544 3834 603 3878 rex
637 3813 770 3901 Angliae
802 3814 895 3878 misit
927 3834 1066 3879 uxorem
1099 3835 1193 3879 suam
1227 3812 1404 3879 Isabellam
1436 3817 1471 3877 et

244 3902 359 4021 istm
415 3916 522 3980 filium
560 3937 658 3981 suum
688 3914 916 3981 Edwardum³
945 3916 986 3981 de
1017 3916 1257 4001 Wyndesowre
1286 3916 1329 3980 ed
1359 3936 1469 4004 regem

244 4038 364 4101 niglam
416 4017 565 4085 Frsnoiee
587 4018 727 4084 fratrem
751 4017 902 4085 Isabellae
925 4018 1048 4107 reginae
1070 4040 1131 4105 pro
1153 4040 1231 4105 paee
1253 4018 1471 4097 reformande,

244 4105 353 4221 ἔξω.
414 4121 539 4188 seilicet
569 4143 656 4187 anno
685 4121 804 4209 gratiae
834 4136 1009 4187 mcccxxv.
1049 4121 1232 4187 Edwardus
1266 4120 1355 4187 filius
1389 4120 1470 4188 feeit

248 4258 316 4312 Μ),
328 4262 401 4312 Μ,
414 4223 605 4311 homagium
628 4224 698 4311 regi
721 4221 870 4288 Franoiae
892 4222 1058 4290 svtmeulo
1080 4246 1141 4289 suo
1162 4245 1224 4311 pro
1246 4224 1370 4290 ducatu
1386 4224 1469 4289 Ves-

447 4552 456 4586 ¹
473 4554 587 4605 Heroon
607 4552 671 4604 both
689 4549 801 4618 margins
819 4550 842 4602 is
858 4551 915 4603 Re·
998 4550 1195 4603 wadardus.
1228 4552 1261 4603 In
1273 4552 1468 4605 bothSSthe

410 4633 475 4696 qiua
486 4648 541 4682 sum
546 4630 609 4697 filio
619 4631 647 4680 in
659 4630 782 4681 Francia.
965 4632 1070 4683 nemeis
1082 4630 1337 4693 Edmndsm,butit
1348 4632 1393 4683 bas
1403 4634 1467 4684 besu

445 4710 516 4759 ’vis
542 4709 565 4760 is
587 4708 687 4761 mom
709 4709 781 4759 twice
804 4726 865 4761 over
886 4710 913 4760 in
964 4708 1175 4761 eorreotedinA,

412 4789 475 4840 toth
487 4788 561 4841 MSS.
