3625 5784
635 864 905 916 meusrnunsrs
929 865 1138 916 onnorncos.
1352 851 1415 916 143

364 1061 456 1132 ituri3
478 1064 611 1122 undeet
643 1065 767 1122 elericos
789 1064 909 1137 quidem
943 1083 961 1121 e
995 1081 1064 1136 rege
1098 1059 1227 1118 Henrico
1250 1059 1288 1114 ed
1321 1058 1415 1116 filium

365 1168 453 1208 suum
485 1154 623 1210 comitem
657 1154 822 1211 Britanniis
856 1153 1023 1210 Gelfridnm
1055 1169 1200 1224 propone
1232 1150 1416 1206 reformande

365 1241 482 1310 misem,
496 1234 574 1300 hoo¹
589 1263 608 1300 e
621 1245 684 1300 filio
698 1245 830 1311 eudivit3
855 1246 931 1300 “Ut
954 1243 1024 1316 quid
1039 1241 1148 1298 venisti
1170 1258 1217 1296 me
1232 1239 1415 1296 exhaeredere

367 1332 387 1356 “
412 1332 448 1388 de
466 1331 534 1404 jure
555 1352 620 1390 meo
642 1334 767 1391 uetito?
812 1335 894 1390 Num
917 1334 1035 1405 ignores
1058 1333 1112 1388 hoo
1135 1331 1218 1386 nobis
1241 1328 1416 1384 naturaliter

366 1421 386 1446 “
410 1422 471 1477 fere
504 1423 654 1496 proprium
688 1429 719 1479 et
749 1424 786 1479 eb
808 1423 902 1479 eteris
925 1423 1068 1478 insertum
1091 1425 1126 1476 ut
1148 1420 1248 1475 nullus
1280 1422 1414 1474 nostrum

366 1510 385 1534 ‘⁴
409 1511 501 1567 elium
523 1512 638 1584 diliget.
683 1513 755 1570 Noli
776 1512 872 1584 igitur
893 1513 1026 1568 leborere
1048 1515 1083 1566 ut
1104 1515 1241 1564 naturum
1256 1508 1413 1580 expelles”

364 1599 441 1656 Item
462 1607 557 1658 meter
577 1601 667 1673 hujus
688 1601 812 1658 Henriei
834 1603 952 1658 vivente
982 1602 1078 1674 priore
1100 1597 1207 1655 merito
1229 1597 1413 1670 imperatore,

363 1689 476 1745 scilieet
519 1692 649 1748 Henrico
693 1692 867 1748 heremetiee
911 1690 1126 1764 peregrinante,
1172 1689 1274 1760 nupsit
1317 1687 1412 1753 elteri,

363 1778 475 1835 seilicet
490 1780 633 1848 Gelfrido,
649 1781 686 1836 de
701 1781 808 1854 quibus
831 1781 887 1837 iste
910 1767 1080 1836 Henricns²
1100 1795 1152 1834 rex
1174 1774 1321 1849 processit
1369 1777 1413 1832 De

363 1865 420 1924 isto
442 1887 556 1942 quoque
578 1870 708 1926 Henrioo
742 1869 889 1942 quondum
924 1869 1070 1925 infantulo
1101 1873 1132 1923 et
1165 1867 1197 1923 in
1232 1865 1314 1922 curie
1335 1865 1413 1936 regis

363 1957 542 2016 Frenoorum
575 1960 700 2026 nutrito,
723 1961 825 2016 boetus
847 1959 1015 2015 Bernerdus
1037 1957 1124 2013 ebbes
1158 1956 1194 2012 de
1216 1974 1250 2012 eo
1272 1955 1315 2012 sie
1346 1973 1413 2028 pro·

362 2046 495 2119 phetevit
516 2059 661 2121 presente
682 2067 762 2120 nege,
786 2049 865 2105 “De
888 2049 1003 2105 diabolo
1025 2047 1118 2113 venit,
1142 2051 1172 2102 et
1194 2045 1232 2100 ed
1263 2045 1412 2101 diebolum

363 2136 383 2161 “
406 2128 489 2194 ibit.”
534 2139 649 2195 Notene
670 2157 723 2212 per
744 2140 800 2195 hoe
813 2143 875 2194 tem
897 2136 1085 2212 tyrannidem
1107 2135 1199 2208 petris
1217 2135 1263 2190 sui
1286 2134 1412 2190 Gelsridi

362 2226 413 2296 qni
426 2227 597 2298 Segiensem
612 2228 781 2301 episeopum
795 2229 1001 2293 enueheveret,
1018 2243 1106 2298 quem
1121 2225 1211 2281 etiem
1228 2223 1313 2280 istius
1329 2225 1411 2280 Hen-

360 2315 415 2372 riei
437 2317 567 2374 futurem
589 2319 772 2374 atrocitatem
796 2336 853 2389 que
875 2318 907 2373 in
940 2319 1060 2373 beetum
1084 2315 1225 2370 Thomem
1249 2314 1411 2370 deseviret.

361 2405 408 2460 Ad
442 2407 514 2474 haec,
539 2406 690 2464 (tetfridus
723 2413 806 2480 peter
828 2406 916 2479 hujus
938 2395 1039 2478 regis8
1062 2405 1114 2460 ille
1135 2403 1274 2461 Alienore
1305 2405 1412 2460 ebusus

360 2495 466 2563 fueret,
489 2514 577 2568 quem
607 2498 664 2553 iste
685 2498 833 2554 Henrioue
866 2497 946 2552 filius
969 2512 1039 2553 suus
1060 2494 1246 2567 postmodum
1280 2494 1411 2550 duxerat.

360 2584 448 2641 Peter
468 2586 557 2642 etiem
588 2585 676 2659 hujne
697 2587 855 2652 Alienorae,
880 2605 976 2643 eomes
999 2584 1189 2650 Pioterensis,
1212 2600 1331 2639 uxorem
1365 2582 1412 2638 sui

359 2672 538 2731 riceoomitis
569 2675 601 2732 vi
633 2677 742 2748 tepuit,
766 2682 797 2732 et
829 2676 936 2732 merito
958 2676 1076 2732 vivente
1111 2673 1142 2728 in
1165 2689 1285 2728 uxorem
1308 2673 1409 2738 duxit3

359 2781 446 2834 quem
479 2764 550 2820 dum
583 2765 701 2837 quidem
723 2766 770 2820 vir
803 2770 920 2821 sentius
942 2783 995 2838 pro
1029 2764 1085 2819 heo
1106 2781 1138 2818 re
1170 2761 1358 2834 increpasset,
1381 2766 1411 2816 et

360 2852 481 2911 minime
496 2855 675 2926 profecisset,
692 2853 809 2926 edjeeit,
828 2857 847 2881 “
857 2855 1010 2926 Nusquam
1027 2853 1122 2926 proles
1139 2851 1176 2906 de
1192 2851 1275 2906 vobis
1289 2851 1410 2907 veniens

360 2941 379 2967 ‘⁸
402 2943 519 3000 felioem
540 2944 671 3000 finctum
693 2944 811 3001 feeiet.”
858 2944 1031 3015 contigeret
1053 2937 1209 3012 eliqneudo
1241 2940 1272 2995 in
1295 2958 1410 2996 oemere

357 3033 436 3103 regis
472 3032 563 3104 hujus
612 3025 760 3100 Henrici,⁴
797 3034 975 3107 Wynteniae‚
1015 3027 1220 3102 multiplieiter
1253 3030 1409 3102 pieturete,

358 3121 454 3177 loouru
491 3141 618 3179 vaenum
648 3123 734 3195 jussu
766 3123 846 3195 regis
879 3122 1018 3195 relinqui,
1055 3118 1107 3175 nbi
1140 3136 1190 3174 rex
1224 3119 1410 3190 postmodum

358 3211 485 3283 equilem
517 3231 585 3268 oum
606 3213 646 3269 iv.
677 3213 766 3285 pullis
799 3212 996 3269 insidentibus
1027 3207 1148 3282 depingi
1182 3207 1262 3276 feeit,
1286 3227 1409 3282 qnorum

359 3305 418 3356 tres
450 3301 599 3374 unguibus
629 3307 659 3358 et
689 3302 791 3358 rostris
823 3308 975 3375 parentem
1008 3299 1184 3364 ineerebent,
1208 3299 1259 3354 sed
1290 3303 1410 3372 quartus

358 3392 488 3462 peternie
525 3392 618 3447 oeulis
656 3392 792 3449 eruendis
832 3392 928 3448 serius
963 3390 1123 3447 insistebet.
1167 3387 1338 3459 Requisitus
1359 3407 1410 3445 rex

358 3479 507 3550 quidhoc
538 3473 758 3553 praetenderet!
780 3482 833 3548 eit,
868 3483 887 3508 ‘⁶
904 3481 958 3537 Hii
993 3485 1118 3554 quatuor
1140 3476 1226 3549 pulli,
1261 3479 1317 3534 filii
1351 3479 1409 3535 mei

359 3570 378 3594 “
402 3575 482 3636 sunt,
498 3571 550 3642 qui
572 3589 620 3627 me
642 3589 735 3644 usque
750 3572 787 3626 ed
802 3576 926 3628 mortem
949 3569 1083 3644 persequi
1105 3585 1165 3623 non
1181 3569 1343 3634 oeuebunt,
1360 3568 1410 3624 sed

358 3657 377 3684 “
399 3659 551 3731 potissime
593 3661 645 3717 ille
675 3660 851 3718 novissimus
883 3661 1042 3727 Johenues,
1075 3673 1161 3730 quem
1193 3659 1280 3716 medo
1314 3657 1410 3714 uerius

358 3749 377 3774 “
401 3750 561 3822 empleotor
582 3751 649 3806 neoi
671 3769 745 3808 mese
767 3751 863 3807 serius
884 3741 1062 3806 insudebit.'’

187 3817 336 3938 &wib
401 3838 550 3895 Adrianus
572 3845 694 3912 quartus
715 3846 783 3914 pest
798 3840 986 3896 Aneetesium
1001 3839 1121 3899 natione
1142 3828 1311 3914 Anglions⁶
1334 3837 1410 3895 sedit

187 3923 344 4018 [ψῃ]
357 3943 432 3998 pepe
464 3930 550 3984 enuis
583 3936 717 4002 quatuor.
762 3930 852 3986 Hune
885 3930 979 3986 tredit
1010 3931 1088 3987 seme
1121 3933 1243 4003 vulgete
1274 3928 1409 3984 nativum

356 4015 446 4074 fuisse
469 4019 582 4074 ebbetis
604 4021 698 4074 eeneti
719 4018 828 4075 Albani
850 4018 883 4073 in
905 4019 1027 4091 Anglie,
1050 4025 1080 4076 et
1111 4022 1181 4077 dum
1204 4020 1409 4077 monechetum

357 4105 465 4162 ibidem
496 4109 694 4181 expoetuluret
714 4110 865 4181 repulsum
887 4109 984 4165 fnisse.
1032 4109 1089 4179 Qui
1121 4111 1241 4167 tendem
1264 4109 1357 4166 literis
1379 4112 1410 4164 et

356 4196 486 4252 moribus
519 4197 667 4264 insistens,
700 4198 876 4256 Albeuensie
911 4199 1063 4271 episeopus
1085 4199 1181 4272 primo
1212 4199 1332 4254 effeetus
1354 4201 1408 4261 est,

355 4284 462 4342 deinde
483 4288 562 4360 epud
585 4289 780 4344 Wormeeiem
799 4288 946 4360 legetione
968 4289 1106 4359 fungens,
1122 4287 1304 4362 provinciam
1326 4286 1409 4340 illem

388 4560 396 4592 ¹
413 4559 474 4626 hoc]
494 4560 558 4617 hoeo,
569 4559 648 4626 Higd.
940 4561 950 4592 ⁵
965 4561 1140 4626 protenderet,
1152 4561 1229 4628 Higd.

384 4639 397 4672 ²
414 4638 555 4698 Henricee,
566 4654 617 4689 om.
632 4638 708 4706 Higd.
941 4639 1109 4706 6Αηρῖἰσιιε]
1129 4641 1322 4708 AnglusHigd.
1339 4645 1408 4694 Here

386 4717 493 4783 ⁸11qu
504 4717 586 4784 repis]
607 4719 672 4782 ejus,
683 4717 760 4785 Higd.
907 4735 942 4769 on
953 4719 1051 4786 mergin
1063 4717 1090 4769 in
1101 4721 1136 4770 A.
1149 4719 1170 4770 is
1183 4719 1261 4786 Papa
1271 4721 1409 4788 Anqliee.

385 4797 397 4829 ⁴
413 4796 538 4863 Henriet]
559 4813 610 4848 om.
622 4798 701 4864 ffigd.
