3625 5784
593 873 863 924 rurcusrnussrs
886 873 1096 923 canourcor.
1307 858 1372 926 379

321 1059 477 1144 amplecti
501 1059 626 1125 vellent
648 1082 748 1145 quam
772 1060 963 1124 tendebant.
1008 1060 1063 1122 Ad
1097 1059 1168 1124 haec
1191 1058 1247 1123 ille
1278 1058 1373 1135 latro,
1388 1061 1470 1110 under

320 1167 337 1193 “
361 1161 593 1238 Renunciate,''
608 1162 728 1244 inquit,
744 1171 761 1194 “
772 1162 902 1239 restria,
919 1161 1008 1246 quod
1023 1182 1086 1246 pro
1100 1161 1188 1225 bono
1202 1159 1293 1244 pacis
1307 1179 1375 1222 non
1389 1129 1511 1177 Wallsoe.

321 1270 337 1295 “
362 1264 514 1327 venimus
537 1269 571 1328 et
594 1265 703 1348 parati
720 1285 834 1328 sumus
849 1264 892 1327 ad
908 1285 1064 1350 pugnam,
1080 1263 1124 1327 ad
1139 1261 1376 1326 vindicandum

321 1371 338 1396 “
361 1365 486 1430 scilicet
521 1371 555 1430 et
578 1366 785 1430 liberandum
814 1386 954 1454 regnum
980 1370 1139 1429 nostrum.
1185 1364 1378 1428 Ascendant

322 1475 338 1500 “
361 1465 467 1552 igitur
481 1489 556 1532 oum
572 1468 741 1532 voluerint
757 1473 790 1532 et
805 1489 865 1532 nos
881 1472 1016 1553 paratos
1031 1467 1204 1531 invenient
1215 1467 1250 1529 in
1266 1465 1378 1529 barbis

322 1574 339 1600 “
363 1567 504 1632 eorum.''
551 1569 657 1632 Erant
680 1576 792 1633 autem
816 1575 856 1633 ut
880 1568 1053 1633 dicebatur
1075 1569 1186 1633 clxxx.
1211 1571 1379 1652 equestres

323 1674 358 1732 et
379 1671 423 1734 xl.
447 1671 553 1736 millia
575 1671 733 1756 peditum.
795 1669 947 1756 Cumque
971 1671 1051 1735 talia
1075 1671 1273 1746 dicerentur,
1295 1690 1380 1755 proe-

324 1772 509 1856 sumptuosi
536 1793 614 1836 mox
649 1793 689 1836 ex
716 1772 840 1835 nostris
867 1771 1031 1848 dicebant,
1050 1770 1309 1835 '“Ascendamus
1336 1769 1379 1833 ad

325 1879 341 1904 “
365 1893 430 1949 eos,
443 1873 551 1936 nostri
566 1873 654 1937 euim
671 1877 751 1936 sunt
762 1872 786 1950 ;''
802 1872 1020 1957 sapientiores
1034 1894 1114 1936 vero
1125 1872 1380 1957 subjunxerunt,
1392 1881 1506 2011 ffihpyrd

329 1979 345 2004 ‘¹
369 1970 447 2036 Non
462 1973 677 2037 ascendamus
691 1972 806 2050 adhuc,
822 1973 880 2037 sed
902 1973 1040 2059 provide
1063 1973 1282 2037 deliberemus
1300 1972 1358 2056 qui
1393 2013 1477 2077 points
1489 2021 1534 2064 out

331 2081 348 2106 “
370 2075 466 2138 nobis
481 2076 609 2140 consilii
626 2075 731 2139 fuerit
744 2074 958 2140 faciendum.''
1004 2075 1124 2140 Adhuc
1145 2080 1301 2140 strenuus
1325 2074 1381 2137 ille
1393 2080 1437 2130 the
1448 2081 1544 2157 danger

332 2176 425 2240 miles
456 2176 617 2242 Ricardus
651 2177 772 2262 Lundy
804 2179 861 2262 qui
895 2199 931 2242 se
965 2179 1088 2242 nostris
1121 2178 1260 2242 dederat
1291 2177 1381 2262 apud
1393 2146 1544 2279 ξξξῗζὲζὲ

329 2275 473 2362 Irewyn,
497 2277 661 2344 “Domini
684 2279 750 2344 mei
773 2279 802 2344 si
825 2280 1069 2344 ascenderimus
1100 2284 1235 2365 pontem
1257 2277 1382 2343 mortui
1395 2279 1476 2330 ofthe

330 2385 345 2412 ‘⁴
369 2401 492 2457 sumna,
526 2403 593 2446 non
627 2382 715 2446 enim
749 2383 891 2446 transire
926 2382 1109 2466 poterimus
1147 2382 1213 2445 nisi
1244 2381 1315 2446 bini
1347 2345 1484 2445 etuorth.

329 2487 346 2514 “
371 2481 450 2558 bini,
474 2487 509 2546 et
531 2482 641 2547 hostes
664 2481 771 2546 nostri
806 2504 826 2546 a
859 2482 963 2547 latere
996 2488 1084 2558 sunt,
1118 2482 1382 2566 descendentque

330 2589 345 2614 “
370 2603 470 2668 super
492 2605 552 2646 nos
577 2584 664 2647 sicut
698 2583 866 2647 voluerint
888 2603 1002 2647 omnes
1025 2583 1061 2646 in
1083 2604 1152 2647 una
1173 2583 1282 2647 fronte
1294 2606 1302 2660 ;
1324 2582 1382 2646 sed

312 2689 420 2747 1“est
454 2705 558 2748 unum
591 2683 715 2748 vadum
749 2706 815 2748 non
848 2685 946 2770 longe
985 2684 1106 2750 abhinc
1143 2685 1203 2748 ubi
1240 2683 1382 2747 transire

333 2787 554 2870 “poterimus
600 2786 644 2850 xl.
683 2787 782 2856 simul
821 2786 856 2848 in
895 2805 964 2849 una
1002 2786 1080 2850 vice.
1143 2785 1243 2849 Nunc
1279 2785 1385 2871 igitur

332 2894 349 2921 “
371 2888 550 2951 tradantur
571 2887 654 2950 mihi
690 2887 864 2973 quingenti
889 2892 1064 2972 equestres,
1089 2892 1123 2952 et
1156 2887 1286 2950 modica
1308 2906 1385 2970 pars

333 2991 350 3020 “
373 2987 532 3071 peditum,
548 2988 808 3075 gyrabimusque
824 2987 937 3052 hostes
952 3009 973 3052 a
987 2993 1083 3075 tergo
1098 3000 1132 3053 et
1148 2987 1386 3052 debellabimus

334 3096 350 3120 “
373 3109 435 3154 eos.
482 3089 689 3174 Interimque
723 3110 792 3165 vos,
827 3089 960 3154 domine
987 3111 1105 3167 comes,
1127 3094 1162 3154 et
1184 3089 1296 3154 caeteri
1327 3088 1386 3173 qui

335 3189 544 3253 “vobiscum
582 3195 662 3254 sunt
699 3195 834 3275 pontem
874 3191 1061 3256 transibitis
1111 3191 1208 3255 valde
1253 3188 1386 3255 securi.''
1400 3197 1550 3249 Historiae

334 3288 523 3355 Noluerunt
545 3313 626 3356 sano
649 3292 861 3376 adquiescere
884 3292 1021 3356 consilio
1048 3294 1204 3369 dicentes,
1226 3313 1294 3355 non
1317 3266 1538 3356 esse”‘⁸¹⁰⁰*⁰d'

335 3411 485 3455 securum
523 3413 559 3456 se
597 3393 632 3456 in
670 3399 782 3479 partes
813 3383 977 3458 dividere.
1040 3393 1146 3458 Erant
1181 3399 1263 3458 tunc
1294 3393 1387 3478 quasi

334 3493 426 3557 mille
463 3500 631 3579 equestres
670 3499 705 3559 et
737 3494 758 3560 l.
796 3495 902 3560 millia
946 3495 1096 3582 peditum
1130 3501 1251 3581 praeter
1286 3515 1387 3580 popu-

335 3593 405 3658 lum
436 3615 534 3679 quem
565 3595 717 3660 dominus
749 3595 940 3661 Henricus1
963 3596 1004 3660 de
1027 3596 1131 3681 Percy
1163 3597 1204 3661 de
1227 3597 1390 3662 comitatu

337 3693 537 3760 Karliolensi
561 3701 595 3760 et
631 3696 862 3761 Lancestrensi
897 3703 1157 3785 congregaverat
1178 3703 1390 3762 numeratum

337 3795 380 3859 ad
407 3818 467 3861 ccc.
491 3797 619 3882 equites
642 3803 677 3862 et
709 3798 802 3864 lxxx.
830 3797 873 3862 ml
907 3799 1058 3884 peditum
1090 3799 1276 3864 electorum.
1323 3795 1389 3877 Qui

337 3918 412 3962 cum
450 3904 537 3963 esset
574 3899 610 3962 in
648 3899 812 3964 veniendo
849 3921 925 3964 cum
964 3901 1011 3964 eis
1057 3921 1172 3964 versus
1217 3899 1390 3984 Strivelyn
1404 3920 1481 3971 some

338 4000 501 4065 modicum
534 4005 612 4064 ante
639 4001 763 4086 recepit
786 4001 821 4064 in
855 4001 1023 4066 mandatis
1045 4023 1066 4066 a
1089 4001 1222 4065 domino
1245 4001 1389 4087 Hugone
1402 3987 1559 4101 “mpffl

339 4100 380 4165 de
404 4101 649 4189 Cressynghem
665 4102 872 4168 thesaurario
887 4103 983 4191 regns,
1007 4109 1047 4167 ut
1070 4103 1216 4167 eundum
1231 4102 1389 4187 populum
1402 4069 1554 4181 girlinget-

338 4223 413 4268 oum
444 4205 628 4291 gratiarum
668 4204 797 4269 actione
827 4205 1021 4281 remitteret,
1052 4205 1172 4280 dicens,
1210 4203 1392 4268 exercitum
1404 4184 1543 4315 fflissgq

226 4371 234 4382 ,
339 4324 437 4388 quem
474 4304 643 4371 habebant
681 4304 829 4370 sufficere
873 4327 987 4391 posse3
1012 4327 1073 4371 nec
1110 4304 1267 4390 expedire
1304 4304 1392 4387 ipsos
1405 4323 1537 4366 omasum.

339 4425 461 4470 vexare
484 4405 519 4469 in
542 4407 753 4500 vanumpvel
777 4407 864 4495 regis
879 4405 1068 4472 aerarium²
1088 4426 1280 4473 consumere
1302 4403 1393 4489 plus-

376 4703 548 4771 ¹Henrr'cus]
570 4707 679 4777 Habere,
693 4707 765 4758 MSS.
857 4706 861 4773 Ι
926 4705 1088 4767 lanarium,
1099 4708 1172 4757 MSS.
1263 4750 1267 4757 .
