3625 5784
398 863 463 927 326
724 876 871 925 sanarer
893 873 1075 925 nmonros

400 1072 420 1099 “
444 1072 533 1128 tionis
555 1089 642 1145 poena
664 1071 795 1127 districte
816 1071 989 1127 mandantes
1011 1070 1168 1125 uitalibus
1190 1070 1297 1142 absque
1319 1087 1451 1143 expresse

401 1163 421 1187 ‘⁸
445 1160 566 1217 licentia
604 1162 689 1216 dictae
735 1159 811 1215 sedis
858 1160 1027 1215 nullatenus
1069 1158 1265 1231 adquiescant.
1310 1158 1450 1231 Quodque

402 1251 421 1276 “
445 1256 591 1323 praetextu
625 1250 833 1322 cujuscumque
864 1248 1062 1321 obligationis,
1096 1249 1296 1320 promissionis
1327 1254 1357 1304 et
1379 1266 1451 1303 oon-

403 1340 422 1367 “
447 1340 583 1396 cessionis
616 1341 760 1395 iacturum
793 1339 934 1394 hactenus
965 1338 1013 1394 vel
1045 1336 1245 1393 faciendarum
1276 1338 1309 1392 in
1343 1326 1449 1392 antea¹

403 1430 422 1455 “
446 1430 616 1503 priusquam
630 1427 799 1499 hujusmodi
821 1428 1001 1492 constitutio,
1024 1426 1183 1499 prohibitio
1199 1445 1250 1483 seu
1271 1430 1450 1499 praeceptum

403 1520 423 1544 “
448 1519 487 1575 ad
518 1517 656 1573 notitiam
679 1518 807 1589 ipsorum
840 1517 1014 1589 pervenerit,
1038 1514 1081 1571 nil
1113 1515 1237 1581 solvant,
1261 1534 1314 1571 nec
1350 1530 1449 1586 supra-

404 1609 424 1635 “
449 1608 521 1663 dicti
558 1607 701 1663 seculares
731 1606 844 1678 aliquid
866 1594 1005 1678 quoque²
1033 1604 1121 1660 modo
1154 1606 1306 1677 recipiant.
1363 1603 1449 1659 Etsi

404 1698 424 1722 ‘⁶
448 1698 597 1761 solverint,
629 1696 677 1751 vel
708 1694 841 1767 praedicti
871 1694 1035 1767 receperint
1066 1694 1097 1748 in
1129 1696 1303 1751 sententiam
1334 1710 1449 1749 excom·

404 1786 423 1812 ‘⁶
448 1786 655 1840 municationis
685 1784 817 1840 incidant
845 1784 910 1855 ipso
932 1784 1016 1840 facto.
1063 1772 1114 1839 A³
1146 1783 1320 1857 supradictis
1351 1786 1450 1838 autem

403 1874 423 1900 “
447 1873 754 1930 excommunicationis
787 1877 817 1928 et
839 1872 989 1929 interdicti
1023 1872 1176 1928 sententiis
1209 1873 1309 1927 nullus
1339 1870 1449 1928 absolvi

403 1962 422 1988 “
445 1964 541 2019 sabat
562 1968 756 2034 praeterquam
778 1963 810 2017 in
831 1963 934 2017 mortis
957 1962 1079 2017 articulo
1101 1962 1208 2033 absque
1239 1961 1315 2017 sedis
1336 1965 1451 2033 aposto·

403 2050 422 2077 ‘¹
446 2052 511 2107 lion
542 2051 715 2107 auctoritate
744 2055 775 2106 et
803 2050 922 2106 lieentia
953 2051 1080 2123 speciali,
1114 2068 1181 2106 oum
1213 2056 1319 2106 nostrae
1353 2050 1449 2105 inteu-

403 2140 422 2165 ‘¹
446 2140 535 2195 tionis
579 2142 685 2197 existet
728 2145 789 2195 tam
834 2140 1011 2196 horrendum
1056 2140 1229 2195 secularium
1273 2144 1450 2212 potestatum

402 2230 421 2255 ‘¹
445 2230 567 2285 ebusum
597 2230 765 2285 nullatenus
801 2229 856 2285 sub
893 2228 1122 2285 dissimulatione
1153 2230 1286 2295 transire,
1319 2246 1379 2284 non
1402 2228 1453 2284 ob-

402 2318 590 2374 “stantibus
644 2320 871 2391 quibuscumque
915 2318 1077 2390 privilegiis
1122 2319 1176 2375 sub
1225 2320 1452 2390 quibuscumque

402 2406 422 2433 “
446 2398 621 2463 tenoribua⁴
646 2426 697 2464 eeu
719 2397 828 2463 modo⁶
851 2412 902 2462 aut
924 2407 1078 2463 verborum
1102 2408 1289 2480 conceptione
1311 2408 1452 2463 concessis

403 2495 422 2521 ‘⁴
447 2497 681 2569 impensionibus,
715 2497 834 2567 regibus
871 2502 902 2552 et
935 2497 1000 2551 aliis
1035 2497 1218 2569 supradietis,
1251 2514 1316 2569 quaa
1350 2501 1452 2553 contm

403 2584 423 2611 ‘¹
447 2588 597 2659 praemissa
625 2588 658 2641 in
679 2586 762 2641 nullo
783 2586 918 2642 volumus
941 2586 1029 2642 alicui
1051 2586 1099 2641 vel
1120 2586 1266 2657 aliquibus
1289 2586 1450 2657 suffragari.

402 2675 423 2701 “
446 2675 531 2731 Nulli
554 2664 670 2746 ἰςίτιιι·6
700 2674 853 2731 hominnm
876 2675 962 2731 liceat
984 2675 1060 2731 hanc
1082 2676 1219 2747 peginam
1251 2680 1357 2732 nostrae
1380 2693 1449 2731 con·
1462 2685 1608 2751 mel,

402 2764 422 2789 ‘¹
445 2764 618 2830 stitutionis,
651 2763 856 2836 prohibitionis
878 2782 930 2820 seu
952 2766 1090 2838 praecepti
1121 2764 1281 2835 iufringere
1303 2782 1353 2820 seu
1375 2782 1449 2819 ausu
1462 2757 1535 2803 ²4⁹¹·

401 2852 421 2879 ‘⁸
446 2852 600 2909 temerario
615 2842 782 2909 (contraire.⁷
826 2854 935 2909 Datum
952 2852 1053 2909 Romae
1068 2854 1106 2908 ad
1120 2858 1253 2909 sanctum
1269 2854 1387 2909 Petrum
1410 2851 1451 2924 vj.

401 2941 421 2968 “
444 2940 635 2999 kalendarum
656 2943 759 2999 Martii
781 2942 967 3015 pontificatus
989 2944 1082 2998 nostri
1104 2960 1181 2999 anno
1203 2942 1359 2999 secundo.”

231 3027 388 3148 Quum
445 3033 570 3099 Eodem
593 3056 681 3099 anno
707 3035 743 3098 in
769 3034 915 3100 crastino
949 3036 1134 3099 animarum
1170 3033 1341 3121 ejusdem8
1372 3035 1451 3099 anni

231 3162 372 3214 romundo
399 3137 512 3201 tenuit
548 3158 608 3201 rex
642 3136 900 3223 parliamentum
939 3158 1039 3202 suum
1077 3137 1164 3223 apud
1197 3142 1348 3202 sanctum
1387 3136 1451 3202 Ed-

233 3230 313 3295 Bury.
399 3238 573 3314 mundum,
610 3238 669 3303 ubi
707 3238 751 3303 ad
788 3244 945 3325 rogatum
983 3238 1087 3324 ipsius
1125 3258 1296 3304 concessus
1334 3244 1385 3303 est
1422 3240 1452 3303 ei

402 3341 466 3425 xijs
486 3340 640 3405 denarius
663 3363 684 3405 a
706 3340 836 3425 populo,
860 3344 895 3405 et
913 3363 933 3405 a
954 3340 1148 3406 civitatibus
1172 3346 1207 3404 at
1228 3340 1342 3426 burgis
1364 3346 1453 3405 octa-

233 3438 351 3504 Supplioe
400 3462 466 3505 vus
489 3441 652 3506 denarius.
697 3442 730 3507 A
752 3442 839 3506 clero
861 3462 940 3506 vero
966 3462 1160 3527 responsum
1187 3447 1252 3519 est,
1276 3441 1364 3527 quod
1393 3462 1453 3508 nec

230 3508 380 3637 {moy
400 3543 467 3629 ipsi
499 3544 577 3608 dare
607 3542 662 3607 vel
693 3544 869 3608 concedere
898 3564 960 3609 nec
998 3544 1068 3629 ipse
1100 3544 1276 3629 quicquam
1308 3544 1452 3630 accipere

230 3638 333 3755 pappos
400 3650 513 3731 posset
543 3645 609 3710 nisi
641 3650 782 3730 uterque
820 3666 934 3710 eornm
961 3645 1160 3710 sententiam
1193 3646 1451 3711 excommunica·

230 3722 326 3838 elargy.
400 3747 503 3812 tionis
538 3748 722 3812 incurreret
755 3747 791 3809 in
823 3746 916 3812 bulla
951 3747 1021 3811 lala
1077 3746 1174 3826 Quod
1196 3752 1309 3812 tamen
1342 3769 1451 3834 regem

399 3848 486 3913 vello
517 3870 584 3912 non
613 3848 793 3914 eredebant
822 3870 883 3914 nec
916 3848 981 3913 sibi
1005 3849 1159 3935 expedire
1182 3850 1337 3915 sciebant.
1385 3850 1450 3916 Sed

399 3970 467 4015 non
490 3949 616 4036 placuit
637 3950 708 4037 regi
738 3970 932 4037 responsum
955 3949 1024 4015 hoc.
1072 3949 1172 4016 Unde
1195 3950 1347 4017 advocati
1371 3958 1450 4019 sunt

433 4223 442 4256 ¹
459 4223 488 4273 in
506 4228 594 4284 untes,
605 4226 648 4288 &a
682 4220 744 4273 This
761 4236 870 4287 passage
881 4222 903 4273 is
987 4222 998 4259 7
1016 4224 1084 4273 Here
1100 4223 1133 4274 Β.
1153 4225 1225 4285 adds,
1236 4224 1293 4273 “Si
1303 4226 1361 4289 quis
1373 4234 1454 4277 autem

399 4302 496 4367 clearly
507 4301 566 4352 thus
577 4301 676 4351 utinen
693 4300 721 4351 in
738 4302 800 4351 both
811 4302 902 4363 MSS.;
954 4304 970 4331 ‘¹
987 4302 1035 4351 tos
1046 4306 1173 4351 altatare
1188 4306 1361 4368 presumserit
1371 4304 1454 4370 indip-

400 4382 436 4432 Β.
444 4378 515 4446 gives
526 4381 630 4430 inustos
640 4396 669 4430 se
679 4394 728 4430 oue
739 4380 818 4429 sord.
952 4383 970 4408 ‘¹
988 4382 1114 4430 antonem
1147 4380 1323 4446 omnipotentis
1350 4381 1400 4443 dei,
1428 4390 1453 4433 et

432 4458 444 4493 ¹
460 4458 561 4524 aliquis
571 4457 681 4525 quoqne]
701 4473 811 4522 quoquo,
825 4459 856 4507 R.
953 4462 969 4487 “
987 4456 1054 4508 beati
1066 4456 1142 4508 Petri
1152 4465 1177 4508 et
1196 4458 1277 4509 Pauli
1289 4460 1454 4524 apostolm

434 4538 507 4605 8Α]
521 4538 632 4589 lromA.
643 4540 695 4588 sud
706 4538 755 4599 R.;
771 4536 823 4596 Dc,
832 4536 890 4589 MS.
951 4542 968 4567 “
984 4538 1074 4599 &mss
1086 4538 1183 4587 mats
1194 4536 1375 4589 inermos

431 4620 443 4651 ⁴
452 4618 557 4684 fomis,
567 4618 626 4667 add.
637 4618 680 4668 a·
985 4614 997 4647 ⁸
1014 4616 1081 4667 Here
1100 4631 1134 4667 on
1152 4617 1213 4667 both
1230 4618 1342 4685 margins
1359 4620 1381 4669 is
1394 4618 1454 4670 Rex

432 4696 444 4729 ⁵
462 4695 545 4761 medo]
567 4694 656 4755 modis,
667 4696 701 4745 B.
949 4696 1023 4760 ponit
1034 4694 1126 4745 elenen
1137 4700 1211 4747 extra
1221 4697 1408 4761 protectionem.

433 4774 444 4807 ⁶
460 4772 553 4839 later]
575 4787 636 4839 ergo
646 4772 756 4836 omnino,
769 4774 800 4825 B.
