3625 5784
624 926 895 979 asrcmrsrrsrs
918 926 1131 978 curorrcor.
1362 911 1404 978 95

355 1127 390 1177 ut
411 1128 464 1179 aut
484 1123 565 1180 febre
586 1127 639 1178 aut
660 1121 828 1196 dysenteria
847 1121 1004 1195 expiraret,
1028 1141 1062 1180 eo
1094 1121 1173 1195 quod
1204 1119 1268 1176 hesc
1299 1121 1408 1178 valitu-

356 1211 439 1269 dines
459 1231 514 1270 nec
536 1212 707 1268 memoriam
728 1212 849 1268 turbent
869 1230 924 1268 nec
947 1212 1091 1285 loquelam
1114 1209 1274 1283 inplicent.

399 1303 475 1356 Item
496 1300 600 1356 ididan
623 1300 745 1374 captato
768 1300 797 1355 7.
850 1302 917 1356 Hoc
939 1319 1053 1374 quoquc
1075 1317 1152 1357 auno
1175 1299 1319 1372 celpbrato
1342 1319 1408 1356 con·

356 1392 425 1447 cilio
455 1389 534 1465 apud
566 1389 669 1446 urbem
700 1390 898 1447 Turonensem
925 1391 957 1446 in
990 1391 1096 1459 Gallia,
1119 1389 1256 1446 Urbanus
1279 1407 1355 1462 papa
1376 1390 1409 1444 in

356 1481 519 1536 subsidium
549 1485 637 1535 terras
668 1485 777 1536 sanctie
800 1485 898 1536 tetum
932 1499 1006 1554 pene
1038 1484 1176 1552 provocat
1207 1478 1408 1546 occidentem

356 1570 435 1626 unde
465 1569 624 1641 imperator
657 1569 804 1625 Hernicus
825 1568 941 1637 tertius,
966 1559 1160 1625 Remundus¹
1191 1586 1287 1624 comes
1317 1567 1410 1624 sancti

358 1659 466 1731 agion,
489 1658 696 1715 Bmumundus
718 1658 755 1714 de
776 1658 888 1731 Apulia
909 1677 994 1714 cruce
1017 1657 1126 1730 signati
1147 1659 1411 1714 transfretaverunt

358 1749 436 1820 apud
458 1749 610 1805 bruchium
632 1747 728 1804 seneli
758 1747 889 1819 Georgii,
913 1766 979 1804 cum
1008 1749 1112 1820 quibus
1135 1752 1220 1804 eraut
1242 1765 1283 1804 co.
1307 1736 1409 1803 mille¹

361 1837 613 1904 Christianorum
648 1843 679 1893 et
701 1835 743 1893 sic
765 1842 844 1894 terra
865 1843 967 1894 sancta
989 1843 1159 1910 recuperata
1181 1841 1235 1904 est,
1258 1841 1288 1894 ct
1311 1837 1411 1894 lancea

360 1927 472 1984 Christi
508 1945 562 2000 per
605 1926 813 1984 revelationem
857 1927 937 1983 beati
974 1927 1101 1984 Audreae
1147 1926 1263 1983 cuidam
1300 1928 1411 1984 rustico

189 2013 338 2079 Tmcel.
360 2018 469 2074 hetam
490 2021 606 2089 reperta
627 2022 681 2074 est.
725 2016 800 2072 (lum
831 2015 892 2072 illis
923 2017 1063 2089 processit
1085 2016 1229 2074 Robertus
1251 2017 1311 2072 dux
1334 2019 1411 2074 Nor·

188 2085 269 2132 2364.

361 2106 499 2173 mannia,
524 2124 582 2178 qua
612 2106 649 2162 de
682 2123 769 2161 causa
801 2105 947 2162 amicitias
970 2124 1037 2162 cum
1059 2107 1149 2164 fratre
1170 2123 1224 2162 suo
1246 2125 1314 2178 rega
1337 2109 1412 2163 Wil-

360 2197 449 2253 lelmo
485 2195 566 2263 fecit,
589 2196 638 2252 cui
675 2194 888 2251 Nor-manniam
920 2213 973 2268 pro
1004 2215 1031 2252 x.
1058 2196 1141 2253 mille
1171 2183 1215 2256 li.³
1241 2197 1411 2254 invadiavit.

361 2286 420 2343 Sed
441 2286 479 2340 ad
500 2287 557 2342 hoc
577 2302 630 2340 rex
651 2275 819 2340 tributum⁴
840 2303 929 2356 grave
951 2285 1128 2357 Angligenis
1152 2276 1292 2353 induxit,⁵
1314 2287 1357 2342 ita
1378 2293 1413 2343 ut

360 2377 475 2449 praelati
497 2392 568 2431 rasa
589 2391 642 2429 sua
663 2374 834 2440 conflarent,
856 2380 888 2430 at
909 2364 1040 2430 deiude⁶
1062 2375 1192 2434 subditos
1215 2375 1381 2448 spoliarent.

404 2466 468 2521 Rex
492 2465 645 2521 Scotorum
666 2464 841 2519 Malcolmus
863 2463 1096 2520 Northimbriam
1119 2455 1322 2540 depredavit!
1341 2484 1411 2538 qus-

361 2560 480 2627 propter
501 2573 554 2610 rex
575 2553 741 2611 Willelmus
763 2571 823 2608 uua
844 2571 913 2608 cum
943 2555 1033 2610 fratrs
1055 2572 1107 2610 suc
1131 2557 1258 2613 Roberto
1282 2557 1411 2612 Scotiam

362 2644 445 2711 adiit,
472 2642 556 2714 cujus
587 2643 688 2699 classis
720 2659 795 2714 pene
817 2647 880 2698 tcta
901 2643 1027 2699 dimersa
1049 2651 1102 2700 est.
1153 2647 1304 2702 Exercitus
1336 2646 1412 2701 fame

362 2739 394 2789 et
428 2733 538 2804 frigore
575 2731 735 2788 contabuit.
796 2731 906 2802 Quibus
944 2750 1097 2789 occurrens
1134 2735 1307 2792 Malcolmns
1345 2753 1412 2790 cum

363 2823 480 2894 Edgam
501 2821 641 2894 Adelyng
662 2821 810 2876 mediante
832 2821 959 2879 Roberto
990 2841 1090 2894 pacem
1112 2823 1193 2892 fecit,
1217 2825 1260 2880 ite
1281 2829 1315 2879 ut
1338 2825 1413 2880 Mal·

364 2914 475 2968 colmus
496 2913 562 2983 regi
583 2910 733 2967 Willelmo
756 2912 833 2966 sicut
855 2911 1001 2983 quondam
1024 2901 1128 2983 prius⁸
1150 2912 1291 2979 obediret,
1312 2918 1343 2968 et
1363 2931 1415 2968 rex

365 3001 531 3057 Willelmus
564 3000 717 3056 mnuatim
747 2999 800 3072 xij.
833 3001 916 3056 mille
948 3019 1060 3056 marcas
1092 3001 1156 3057 auri
1188 3003 1280 3068 daret,
1305 3009 1335 3057 st
1358 3001 1411 3074 xij.

366 3092 452 3147 urbes
483 3091 517 3146 in
550 3090 661 3161 Anglia
691 3090 846 3155 redderet3
884 3090 936 3146 sed
965 3090 1024 3146 cito
1061 3095 1127 3162 post
1164 3093 1315 3149 deficiente
1346 3109 1415 3164 rego

368 3180 511 3236 Robertus
532 3185 649 3251 sumpto
671 3197 770 3235 secum
793 3179 909 3250 Edgaro
931 3179 1143 3236 Normanniam
1165 3183 1261 3238 rediit.

411 3271 477 3325 Hoc
499 3287 577 3325 anno
598 3269 696 3324 idibus
719 3268 852 3324 Octobris
873 3269 1030 3324 vehemens
1052 3270 1129 3326 ictus
1154 3271 1288 3327 fulminis
1310 3273 1415 3328 turrim

367 3358 624 3432 Wynchecumbioe
646 3357 776 3414 ecclesias
799 3359 955 3425 concussit,
971 3360 1111 3430 parietem
1136 3362 1304 3432 perforavit,
1327 3368 1416 3434 caput

367 3449 499 3504 crucifixi
520 3447 553 3502 in
574 3453 683 3504 terram
709 3444 826 3517 dejecit,
850 3447 946 3503 femur
968 3448 1103 3506 dextrum
1126 3450 1224 3522 fregit,
1248 3453 1416 3524 ymaginem

367 3538 470 3594 Maria
488 3536 575 3608 juxta
596 3555 712 3593 crucem
726 3526 832 3592 elidit⁹
869 3536 981 3592 ramus
996 3539 1104 3594 fetidus
1126 3541 1302 3612 subsequens
1323 3543 1416 3598 eccle-

367 3628 441 3684 siam
463 3626 607 3699 implevit,
631 3627 723 3682 donec
752 3626 888 3682 monachi
911 3644 978 3682 cum
1011 3646 1088 3700 aqua
1120 3629 1273 3687 benedicta
1295 3637 1325 3687 ot
1346 3632 1416 3686 roli-

368 3717 445 3789 quiis
482 3721 648 3772 sanctorum
685 3717 813 3771 officinas
857 3717 1028 3772 monasterii
1072 3719 1253 3776 decantando
1294 3720 1418 3778 letanias

369 3806 563 3862 circumirent.
610 3805 754 3862 Similiter
775 3805 854 3878 apud
882 3806 1048 3862 Londonias
1070 3810 1137 3880 plus
1159 3828 1248 3882 quam
1271 3816 1419 3867 sexcentas

369 3895 469 3952 domos
492 3914 559 3952 cum
582 3895 715 3968 pluribus
736 3895 867 3950 ecclesiis
887 3896 974 3952 turbo
997 3896 1146 3968 depressit.
1180 3900 1218 3955 In
1241 3901 1361 3957 ecclesia
1383 3901 1419 3956 de

369 3985 505 4042 Arcubus
536 3985 608 4040 duos
643 3985 776 4040 homines
807 3984 925 4052 occidit,
949 4003 1000 4040 sex
1031 3986 1115 4058 tigna
1146 3989 1277 4045 ecclesia
1300 3991 1418 4046 elevans

370 4074 413 4130 ita
434 4076 468 4130 in
489 4079 598 4131 terram
629 4073 740 4141 defixit,
762 4079 798 4129 ut
828 4074 879 4129 vix
912 4091 1012 4130 eorum
1047 4083 1129 4134 sexta
1158 4095 1227 4151 pars
1259 4083 1419 4152 appareret.

403 4365 412 4397 ¹
429 4365 605 4429 Reyrsuadue,
616 4363 694 4429 Higd
954 4364 964 4396 ⁵
981 4365 1084 4429 indicit,
1096 4365 1173 4432 Higd.

402 4445 520 4500 ²asillic,
530 4443 609 4512 llige.
953 4446 1080 4511 ‘domiai
1091 4447 1168 4515 Higd.

401 4524 542 4576 'millitia
552 4524 632 4586 libris,
643 4522 723 4590 Higd
955 4524 1025 4578 ⁷0n
1047 4527 1159 4592 margins
1179 4527 1208 4579 ol
1224 4527 1286 4579 both
1306 4531 1381 4584 MSS.
1401 4531 1423 4583 is

401 4604 413 4636 ⁴
429 4605 463 4654 lu
478 4602 578 4668 margin
595 4601 627 4654 of
639 4603 705 4663 MS„
723 4601 774 4652 end
793 4615 872 4670 appa·
922 4604 982 4655 Rex
994 4606 1121 4656 Scotorum
1132 4607 1201 4657 veuit
1213 4607 1241 4658 ia
1254 4609 1381 4675 Anpliam.

370 4682 586 4748 renunciant,
596 4681 697 4748 though
711 4679 732 4732 it
747 4680 770 4732 is
786 4681 872 4745 partly
955 4683 1071 4752 ⁸prim]
1083 4687 1157 4752 putri
1167 4687 1319 4755 ejerallim.

370 4768 508 4830 destroyed
528 4767 562 4832 by
582 4765 636 4824 ilre,
658 4764 681 4816 is
703 4763 874 4815 {matuatus
956 4763 1061 4828 ⁹elieit,
1073 4765 1150 4833 Higd.

371 4846 493 4896 tributus
501 4861 551 4910 per
567 4841 715 4898 willelma
726 4844 832 4909 Rasum.
