3625 5784
456 804 518 868 188
809 816 956 866 usurum
979 816 1161 866 aureuma

453 1009 470 1036 ‘⁴
493 1008 561 1066 tam
585 1022 643 1088 pro
667 1001 754 1066 vivis
769 1019 869 1086 quam
892 1019 952 1085 pro
967 999 1142 1064 defunctis.
1176 999 1222 1064 Et
1236 1001 1388 1066 ammodo
1403 999 1462 1066 illa
1483 1021 1505 1064 a

282 1105 439 1158 Henceforth
454 1107 471 1136 ‘¹
495 1102 555 1168 deo
571 1102 622 1169 et¹
639 1100 773 1170 ecclesia
789 1102 939 1166 Romana
955 1107 1115 1186 tanquam
1129 1099 1296 1166 feodarius
1310 1103 1506 1188 recipientes

281 1174 423 1289 §gaenon
453 1209 472 1239 “
495 1213 529 1269 ct
552 1210 710 1279 tenentes,
745 1202 982 1288 inpraesentia
1015 1203 1214 1269 venerabilis
1237 1204 1342 1289 patris
1374 1203 1502 1269 domini

280 1305 384 1357 nnuma
454 1310 472 1339 “
495 1306 650 1372 Nicholai
666 1305 916 1371 Tusculanensis
932 1304 1075 1390 episcopi
1098 1305 1267 1390 apostolici
1284 1306 1372 1372 sedis
1395 1305 1505 1391 legati,

453 1418 470 1443 ‘¹
494 1414 528 1474 et
558 1407 747 1495 Pandulphi
777 1407 903 1472 domini
941 1428 1037 1493 papae
1059 1407 1251 1473 subdiaconi
1274 1408 1505 1474 etfamiliaris

453 1519 469 1544 “
493 1510 687 1576 fidelitatem
711 1509 868 1595 praedicto
898 1509 1033 1573 domino
1055 1515 1169 1574 nostro
1191 1531 1286 1595 papae
1310 1509 1505 1575 Innocentio

452 1621 471 1650 “
495 1613 629 1698 ejusque
644 1611 814 1679 catholicis
829 1611 1070 1678 successoribus
1084 1609 1097 1649 ²
1110 1633 1150 1677 ac
1173 1611 1318 1677 ecclcsiae
1342 1611 1504 1678 Romanae

279 1725 336 1774 The
349 1722 410 1790 king
452 1723 467 1748 “
491 1714 672 1780 secundum
688 1713 905 1798 subscriptam
918 1711 931 1752 ³
946 1713 1084 1778 formam
1101 1711 1237 1778 fecimus
1251 1719 1286 1778 et
1306 1713 1503 1798 juravimus.

278 1793 388 1907 {22⁰9
452 1823 468 1850 “
494 1815 695 1902 Homagium
726 1823 761 1881 et
786 1815 903 1901 ligium
934 1814 1081 1892 fecimus,
1096 1836 1157 1900 pro
1188 1815 1353 1901 praedictis
1383 1817 1505 1900 regnis,

279 1873 373 1974 toril-g
451 1924 467 1954 ‘⁴
492 1918 625 1984 domino
649 1923 761 1982 nostro
780 1917 896 2003 papae⁴
912 1916 1108 1981 Innocentio
1131 1938 1190 2002 per
1213 1939 1331 1982 manus
1353 1917 1505 2002 praedicti

451 2027 469 2058 ‘¹'
494 2021 596 2105 legati
618 2021 688 2087 loco
723 2024 757 2085 ct
787 2020 859 2086 vice
892 2019 998 2104 ipsius
1031 2019 1158 2084 domini
1189 2042 1285 2106 papae
1316 2020 1505 2106 recipientis

281 2138 336 2189 Tho
348 2154 405 2188 sue·
452 2133 469 2159 “
492 2125 644 2210 publice;
668 2143 866 2188 successores
882 2126 917 2186 ct
932 2121 1078 2187 haeredes
1099 2128 1230 2187 nostros
1245 2123 1287 2188 de
1303 2144 1406 2188 uxore
1428 2145 1505 2210 pro·

277 2205 438 2320 affigat
452 2234 468 2262 “
492 2231 617 2292 creatos
628 2225 665 2290 in
680 2229 875 2310 perpetuum
891 2223 1085 2309 obligantes,
1098 2230 1132 2288 et
1146 2225 1249 2288 simili
1264 2225 1361 2289 modo
1376 2247 1504 2290 summo

278 2338 436 2388 atsobounc.
452 2337 468 2364 “
491 2323 639 2415 pontifici
663 2326 719 2411 qui
752 2347 811 2410 pro
834 2331 981 2410 tempore
1003 2325 1105 2390 fucrit
1127 2331 1162 2390 et
1184 2325 1328 2391 ecclcsiae
1348 2327 1504 2392 &manaa

450 2436 469 2466 “
492 2430 562 2495 sine
585 2428 844 2494 contradictione
875 2426 1040 2492 debeant⁶
1061 2426 1257 2493 fidelitatem
1282 2435 1438 2514 praestare
1468 2436 1504 2494 ct

450 2539 468 2568 “
492 2531 682 2618 homagium
716 2549 952 2615 recognoscere.
998 2528 1052 2592 Ad
1085 2528 1245 2595 indicium
1267 2535 1380 2595 autem
1403 2529 1503 2616 hujus

450 2633 537 2698 “rei
562 2637 742 2700 etnostrae
773 2634 943 2717 perpetum
977 2628 1190 2716 obligationis
1221 2636 1256 2696 et
1289 2631 1504 2697 concessionis

449 2744 466 2770 “
490 2741 611 2801 nostrae
649 2733 802 2800 volumus
841 2738 875 2797 ct
913 2730 1100 2796 stabilimus
1138 2735 1177 2796 ut
1211 2733 1253 2797 de
1291 2733 1432 2820 propriis
1468 2741 1504 2800 ct

449 2846 468 2872 “
491 2835 686 2922 specialibus
710 2833 895 2900 redditibus
919 2833 1152 2918 predictorum
1175 2853 1351 2919 regnomm
1373 2841 1503 2901 nostro-

451 2948 467 2973 “
491 2961 565 3003 rum
599 2958 658 3024 pro
689 2937 780 3001 omni
810 2935 948 3002 servitio
982 2939 1017 3000 et
1048 2935 1287 3001 consuetudine
1324 2937 1413 3022 quod
1443 2958 1504 3023 pro

228 3065 229 3068 ¹
281 3058 408 3122 Thepey-
449 3053 468 3077 ‘¹
491 3040 587 3127 ipsal
618 3040 804 3106 satisfacere
839 3037 1006 3114 debemus,
1032 3037 1125 3102 salvo
1155 3059 1213 3124 per
1236 3039 1348 3105 omnia
1369 3040 1503 3106 denario

281 3131 359 3240 '²29⁰ss
377 3191 420 3240 ,ed
448 3151 468 3180 “
491 3144 597 3210 sancti
620 3141 718 3220 Petn',
742 3139 878 3206 ecelesia
893 3140 1044 3204 Romana
1065 3139 1156 3204 mille
1179 3159 1304 3205 marcas
1329 3142 1504 3227 sterlingo-

281 3207 347 3307 lolle
356 3207 437 3306 liade.
450 3254 470 3284 “
492 3268 566 3312 rum
589 3244 751 3331 percipiat
780 3241 962 3318 annuatim,
985 3241 1111 3307 scilicet
1133 3242 1169 3305 in
1200 3242 1285 3307 festo
1308 3243 1416 3309 sancti
1438 3243 1503 3308 Mi·

449 3357 466 3385 “
490 3347 612 3414 chaelis
635 3345 861 3431 septingentas
891 3341 1042 3409 marcas⁷
1073 3365 1132 3428 pro
1155 3365 1256 3430 regno
1293 3345 1434 3430 Angliae,
1467 3351 1503 3410 et

450 3459 466 3486 “
490 3453 653 3515 trecentas
677 3467 735 3533 pro
751 3467 853 3530 regno
880 3445 1077 3522 Hiberniae3
1102 3445 1202 3510 salvis
1225 3446 1320 3511 nobis
1343 3453 1378 3512 ct
1400 3447 1501 3512 haere·

449 3562 466 3589 “
489 3553 586 3618 dibus
602 3551 723 3617 nostris
741 3548 885 3634 justitia,
901 3547 1114 3614 libertatibus
1130 3553 1165 3613 et
1179 3549 1345 3635 regalibus
1369 3550 1500 3615 nostris.

279 3673 397 3724 Retices
450 3664 465 3691 “
490 3654 572 3734 Quas
596 3652 706 3719 omnia
732 3652 818 3717 sicut
840 3650 999 3736 praedicta
1013 3655 1093 3716 sunt
1115 3655 1190 3716 rata
1204 3671 1274 3717 csse
1296 3651 1444 3718 volentes
1467 3658 1502 3718 et

280 3739 332 3791 “⁰¹¹
341 3739 433 3792 Ἠοῖ·
448 3767 467 3798 “
490 3761 649 3847 perpetuo
665 3755 847 3842 obligamus
864 3754 1003 3819 firmiter
1016 3751 1099 3820 nos⁸
1113 3760 1148 3820 et
1159 3777 1356 3821 successores
1371 3761 1500 3821 nostros
1509 3755 1596 3873 ὣς·
1607 3756 1657 3806 ⁰⁰¹·

481 4109 488 4142 ¹
507 4108 544 4174 et]
559 4107 638 4158 above
650 4106 692 4154 the
703 4103 752 4154 line
763 4103 790 4153 in
805 4103 838 4153 A.
1032 4099 1043 4132 ⁵
1061 4099 1159 4162 debent,
1171 4101 1228 4152 MS.

480 4187 539 4239 2Ιιι
560 4187 618 4238 MS.
640 4181 824 4235 mctceaccribas
849 4180 871 4230 is
893 4181 950 4230 first
1031 4178 1133 4245 ‘ipsis
1144 4181 1201 4230 MS.
1235 4179 1266 4230 In
1278 4181 1313 4231 A.
1324 4181 1345 4230 it
1364 4183 1438 4235 looks
1450 4180 1501 4236 like

448 4265 547 4318 written
560 4267 611 4315 and
630 4263 690 4314 then
711 4261 772 4311 with
783 4275 883 4311 erasure
893 4275 949 4310 suc-
999 4259 1063 4323 ipio,
1084 4260 1131 4309 but
1154 4258 1176 4309 is
1199 4259 1348 4312 underlincd
1367 4277 1396 4312 es
1419 4262 1444 4312 it
1466 4281 1500 4316 an

446 4342 596 4396 caesoribus.
630 4341 710 4392 ῙιιΛ.
723 4338 948 4389 cucceuoritacia
997 4353 1074 4388 error.

445 4425 518 4482 twice
540 4422 646 4482 written,
668 4420 714 4470 but
739 4419 784 4470 the
809 4419 903 4470 second
926 4416 948 4468 is
1031 4415 1133 4466 ⁷Altcr
1144 4433 1244 4466 marcac
1259 4417 1324 4468 both
1334 4418 1410 4471 MSS.
1420 4420 1502 4473 insert

445 4503 543 4558 erased.
997 4493 1101 4548 scilicet.
1136 4495 1212 4550 tna.
1225 4496 1420 4552 ammistae
1437 4501 1501 4556 later

478 4582 489 4616 ⁸
504 4577 689 4648 subscriptam]
704 4577 764 4630 bace
774 4581 797 4630 ct
805 4573 827 4630 is
835 4575 948 4630 inserted
997 4577 1076 4628 hand.

445 4662 542 4720 inlts.
1030 4659 1117 4735 ⁸an
1133 4660 1200 4716 fron
1212 4663 1265 4726 Aa
1284 4663 1405 4722 onus.

478 4741 489 4782 ⁴
507 4740 573 4798 Both
586 4739 660 4796 MSS.
673 4739 733 4794 read
741 4753 817 4809 pope
829 4743 923 4794 nostro.
