3625 5784
140 1684 232 1802 gff-
245 1683 292 1736 ⁰⁰¹·
315 1687 399 1752 tario
415 1690 610 1755 senescallus
625 1690 764 1776 Angliae.
811 1692 922 1757 Scirus
940 1693 982 1757 de
998 1693 1117 1772 Quinci
1134 1714 1192 1778 per
1206 1692 1367 1756 minorem

595 896 865 949 narcrsrunssrs
889 899 1102 970 cnsouroou.
1326 890 1368 953 65

314 1077 463 1165 sepultus
485 1085 543 1157 est,
567 1086 602 1145 et
624 1087 704 1145 tunc
727 1083 852 1168 partite
886 1088 938 1148 est
971 1083 1149 1148 haereditas
1172 1083 1262 1147 inter
1285 1083 1367 1146 duas
1381 1097 1492 1148 uesieu

313 1200 446 1260 sorores,
457 1181 583 1247 scilicet
592 1182 755 1248 Amisiam
767 1189 801 1248 et
814 1183 1047 1272 Margaretam‚
1060 1183 1233 1250 deficiente
1244 1184 1368 1248 semine
1380 1163 1488 1281 §3⁰⁰²

313 1279 454 1368 fratrum
476 1303 537 1348 nec
559 1282 617 1348 illo
639 1281 783 1348 habente
805 1283 921 1350 filium.
968 1285 1095 1371 Symon
1109 1285 1151 1350 de
1173 1283 1368 1349 Mouteimti
1382 1320 1472 1371 nense

313 1404 372 1468 Pel·
393 1384 556 1450 Aminiam
580 1385 740 1451 seniorem
764 1387 866 1452 filiam
890 1408 966 1453 cum
988 1387 1166 1452 medietate
1188 1389 1366 1452 comitatus
1382 1385 1514 1436 simonae

315 1483 509 1570 Leycestriae
547 1493 581 1551 et
607 1487 740 1552 honoris
773 1489 812 1553 de
836 1489 1012 1576 Hyncleye
1034 1490 1142 1554 factus
1176 1494 1227 1553 est
1260 1509 1368 1554 comes
1380 1452 1506 1569 mn

315 1585 555 1671 leycestrensis
579 1593 613 1654 et
635 1611 694 1675 pro
728 1588 850 1654 honore
882 1591 923 1655 de
946 1591 1121 1677 Hyncleye
1139 1591 1216 1676 jure
1240 1589 1368 1668 heredi·
1380 1585 1480 1702 0121!ng
1480 1668 1516 1702 er.

314 1789 416 1854 liliam
458 1792 676 1878 Margaretam
714 1815 788 1860 cum
827 1794 932 1860 altera
969 1795 1147 1859 medietate
1191 1794 1368 1860 semitatus
1380 1742 1511 1869 diffide

314 1894 555 1980 Leycestrensis
577 1896 685 1962 sactus
707 1903 758 1962 est
781 1918 887 1963 comes
910 1898 951 1963 de
976 1897 1215 1984 Wynchestrie.
1252 1877 1498 1990 Domi-fflffl

313 2015 375 2060 nus
398 1995 514 2063 Simon
536 1999 577 2063 de
602 1999 793 2064 Monteiorti
816 2005 931 2085 postea
953 2005 1086 2086 propter
1108 1999 1366 2065 inobedientiam
1380 2007 1453 2059 win-

313 2119 405 2162 suam
429 2121 506 2186 erga
528 2121 638 2187 regem
662 2100 892 2167 exhaeredatus
927 2108 962 2168 et
994 2101 1166 2188 exlegatus
1188 2122 1264 2167 cum
1286 2101 1365 2166 filiis
1379 2074 1512 2214 gx&

313 2200 388 2277 suis
435 2208 470 2265 et
517 2202 693 2267 comitatus
736 2203 983 2288 Leyosstrensis
1031 2224 1106 2270 cum
1151 2203 1275 2269 honore
1321 2203 1362 2267 de
1381 2229 1504 2280 Manuos

312 2301 494 2389 Hynkleye
527 2304 625 2369 datus
659 2316 706 2370 est
745 2304 888 2370 Renulfo
922 2306 1036 2371 comiti
1067 2305 1243 2371 Oestrensi.
1298 2304 1365 2371 Sed
1377 2295 1511 2346 mm·

310 2401 424 2468 Simon
447 2405 537 2469 fflius
560 2405 641 2470 dicti
665 2406 808 2472 Simonis
843 2407 884 2472 de
908 2407 1102 2473 Monteforti
1124 2413 1201 2493 post
1223 2412 1365 2473 mortem
1379 2422 1514 2473 Risimus

309 2508 412 2591 patris
435 2507 487 2571 sui
510 2508 546 2571 in
562 2506 718 2593 Angliam
742 2507 872 2573 rediens
887 2531 930 2574 ex
946 2509 1034 2574 dono
1056 2509 1144 2595 regis
1158 2509 1366 2595 recuperavit
1379 2488 1530 2606 {amin

308 2607 537 2674 haereditatem
572 2631 665 2675 susm
699 2611 740 2675 de
775 2613 934 2677 comitatu
965 2618 999 2677 et
1033 2612 1156 2677 honore
1190 2612 1365 2698 praedictis.
1379 2621 1534 2688 generatim.

310 2709 376 2776 Sed
391 2733 450 2776 rex
474 2711 656 2777 reservabit
678 2713 741 2777 sibi
765 2718 799 2778 et
821 2713 1009 2779 haeredibus
1031 2714 1099 2779 suis
1122 2713 1230 2778 solum
1254 2719 1366 2799 patro-

309 2818 426 2876 natum
458 2813 599 2878 abbatiae
634 2814 877 2899 Leycestrensis
911 2820 946 2879 et
975 2815 1142 2900 prioratus
1174 2815 1215 2879 de
1239 2813 1367 2900 Kynel·

311 2914 458 2979 worthis.
505 2914 573 2979 lste
597 2913 713 2980 Simon
732 2913 845 3000 junior
868 2917 994 3002 accepit
1017 2937 1154 2981 uxorem
1178 2914 1366 2980 Elionoram
1380 2923 1438 2973 The

310 3035 452 3079 sororem
486 3015 571 3100 regis
606 3015 753 3091 Hemici,
779 3037 854 3100 quae
886 3016 979 3101 prius
1009 3021 1148 3080 voverat
1169 3015 1366 3091 castitatem,
1379 3005 1442 3105 iffi„
1463 3065 1504 3106 οη

311 3122 344 3180 et
366 3117 500 3181 anulum
527 3122 564 3182 ut
586 3138 706 3203 sponsa
729 3117 854 3183 Christi
877 3117 920 3183 de
942 3137 1044 3182 manu
1066 3117 1174 3183 sensti
1197 3116 1366 3180 Edmundi
1380 3120 1490 3171 married

312 3217 559 3284 Cantuariensis
582 3224 760 3305 acceperat.
807 3219 856 3284 De
889 3241 956 3304 qua
988 3220 1106 3306 genuit
1128 3217 1366 3283 nobilissimam
1379 3187 1523 3321 {iffgoews

310 3319 445 3404 prolem,
468 3321 524 3385 sed
560 3323 625 3386 cito
658 3320 698 3384 de
727 3319 788 3386 hoc
822 3321 947 3385 mundo
981 3320 1206 3397 transituram,
1242 3319 1366 3385 scilicet
1379 3321 1471 3387 Henry
1481 3321 1537 3371 111.

311 3421 395 3486 filios
420 3426 454 3486 et
476 3443 577 3486 unam
611 3421 715 3486 filium
741 3421 927 3487 lilianoram
963 3443 1064 3506 quam
1089 3425 1201 3509 postea
1228 3412 1540 3530 d⁹⁸p⁰ffssllhuffir

313 3523 400 3587 savit
417 3522 585 3587 Lewlinus
608 3522 759 3609 prinecps
776 3521 920 3588 Walliae.
966 3523 1035 3589 Iste
1051 3522 1177 3608 Symon
1192 3523 1367 3609 patrissare
1379 3546 1434 3597 ried
1445 3555 1472 3596 ιο

314 3624 436 3702 volens,
470 3645 568 3712 super
600 3625 797 3710 quibusdam
827 3625 1121 3691 constitutionibus
1155 3623 1369 3690 observandis
1380 3612 1521 3742 {fflfffn

315 3725 402 3792 inter
432 3748 542 3814 regem
568 3728 749 3794 Henricum
773 3730 815 3792 3¹¹n
839 3733 874 3793 et
895 3728 1035 3793 barones
1057 3729 1150 3814 regni
1173 3749 1208 3793 se
1231 3727 1370 3814 ingessit
1382 3746 1479 3798 wales.

361 4089 506 4145 Dominus
545 4085 648 4144 Simon
686 4086 857 4143 Mountford
894 4104 947 4160 per
985 4104 1103 4144 uxorem
1142 4107 1226 4144 susm
1264 4091 1370 4146 bsbuit

318 4178 502 4234 medietatem
534 4176 689 4233 comitatus
712 4182 742 4232 et
775 4176 894 4232 honoris
917 4175 953 4232 de
987 4177 1127 4250 Hynkley
1149 4184 1179 4233 et
1208 4179 1303 4235 lactus
1326 4186 1370 4236 est

318 4285 424 4339 aroge
447 4284 542 4322 eomes
573 4265 749 4340 Leyoestrirs
772 4270 802 4321 et
832 4265 1007 4322 senescallus
1029 4265 1158 4336 Angliae,
1182 4272 1213 4321 st
1235 4267 1370 4322 dominus

319 4357 423 4413 Saerns
457 4357 493 4412 de
528 4355 634 4426 Quinci
665 4355 761 4411 factus
793 4359 837 4411 est
868 4373 964 4412 comes
1003 4353 1164 4409 Wintoniae
1199 4359 1229 4410 et
1266 4356 1371 4411 habuit

318 4435 503 4502 medietatem
526 4442 598 4501 dicti
628 4445 791 4502 comitatus.
838 4445 940 4501 Simon
963 4461 1058 4499 comes
1087 4443 1192 4514 genuit
1215 4443 1251 4498 de
1281 4461 1370 4500 uxore

318 4553 371 4591 sua
393 4535 542 4592 Simonem
565 4539 596 4590 et
618 4533 799 4602 Amerinum,
823 4533 875 4606 qni
896 4533 1051 4589 Amaricus
1084 4549 1102 4587 a
1132 4530 1234 4588 Turois
1268 4537 1370 4606 captus

317 4630 414 4682 estet
445 4627 578 4681 mortuns
612 4629 664 4680 est.
710 4625 813 4680 Simon
835 4641 904 4680 vero
938 4627 1022 4695 poter
1044 4620 1108 4693 ejus
1140 4626 1258 4694 propter
1288 4640 1370 4678 susm

317 4712 546 4772 inobedientiam
568 4733 587 4770 s
617 4731 687 4787 rege
708 4712 899 4773 exheredatus
921 4716 967 4768 est
988 4715 1020 4769 et
1041 4729 1109 4768 oum
1142 4710 1221 4769 filius
1250 4711 1312 4771 suis
1333 4713 1371 4770 sb

416 4834 432 4871 e
467 4819 558 4872 51971.
1217 4832 1241 4886 ῃ
