3625 5784
626 847 897 899 uusonsmnssm
920 846 1131 899 curorucou.
1327 832 1394 899 429

343 1038 439 1108 Circa
461 1041 572 1107 notale
605 1043 731 1107 domini
764 1062 878 1106 rumor
908 1042 1011 1128 coepit
1044 1060 1244 1108 succrescere
1271 1040 1394 1126 ubique

341 1142 378 1207 in
411 1165 514 1231 regno
546 1144 588 1208 de
620 1144 754 1209 domino
791 1144 928 1209 Andreo
961 1143 1002 1209 de
1035 1143 1224 1230 Harkeleye
1248 1143 1392 1229 qualiter

341 1245 495 1311 seditiose
510 1246 642 1312 foverat
665 1245 781 1313 Scotos
803 1252 918 1311 contra
933 1268 1043 1333 regem
1064 1268 1161 1311 suum
1178 1246 1392 1323 Edwardum,

341 1352 376 1411 et
407 1348 550 1433 qualiter
582 1347 698 1414 Scotos
731 1349 860 1413 adierat
891 1353 926 1413 et
958 1348 1136 1414 reduxerat
1171 1348 1207 1412 in
1233 1346 1391 1435 Angliarn
1405 1354 1546 1428 heroum

341 1451 520 1536 proditorie
541 1456 658 1516 contra
679 1450 875 1516 fidelitatem
907 1472 1009 1529 suam,
1039 1456 1073 1516 et
1105 1451 1250 1537 qualiter
1271 1451 1392 1517 nobilis
1405 1422 1554 1541 {mm

339 1557 374 1617 et
405 1557 539 1618 sanctus
562 1575 670 1619 comes
701 1552 904 1617 Lanoastriae
937 1552 1080 1617 Thomas
1114 1554 1249 1640 quando
1280 1553 1392 1619 dictus
1432 1493 1546 1562 arkerey.

339 1652 490 1719 Andreas
521 1654 609 1741 cepit
641 1674 726 1731 eum,
758 1652 918 1739 praedixit
951 1654 982 1717 ei
1014 1654 1102 1738 quod
1135 1654 1225 1719 infra
1260 1675 1386 1720 annum

339 1760 530 1841 sequentem
560 1755 622 1819 vili
645 1759 751 1819 morte
775 1754 982 1839 plecteretur,
1005 1761 1040 1819 et
1062 1755 1109 1821 sic
1131 1756 1254 1821 evenit.
1301 1754 1391 1822 Nam

340 1857 449 1922 dictus
470 1857 622 1923 Andreas
653 1856 931 1943 permundatum
965 1857 1052 1945 regis
1086 1863 1202 1945 captus
1227 1864 1277 1925 est
1299 1861 1390 1946 apud

169 1943 314 2062 fflffll
339 1958 510 2025 castellum
532 1981 629 2024 suum
663 1957 807 2043 Carlyell
841 1958 929 2044 quod
961 1957 1080 2023 habuit
1114 1982 1155 2024 ex
1187 1960 1274 2025 dono
1296 1963 1391 2048 regis,

339 2066 374 2126 et
405 2083 465 2147 per
496 2081 645 2146 proceres
682 2058 831 2124 boreales
863 2059 1014 2124 ablatum
1053 2066 1104 2125 est
1142 2061 1184 2126 ab
1212 2084 1250 2127 eo
1281 2063 1390 2149 primo

336 2162 507 2248 cingulum
529 2162 683 2237 militare,
705 2165 803 2246 capta
824 2160 867 2225 ab
890 2182 929 2225 eo
951 2161 1074 2239 lancea,
1096 2162 1279 2250 abscisique
1309 2169 1389 2231 sunt
1402 2176 1450 2227 His

338 2263 398 2329 tali
421 2266 493 2348 ejus
515 2284 591 2328 curn
613 2262 806 2328 calcaribus.
1403 2242 1509 2306 ΡΜ·

169 2362 315 2426 fflfflfflit
384 2364 516 2429 Eodem¹
553 2390 632 2429 anno
663 2374 695 2427 in
728 2372 856 2428 crastino
894 2360 988 2429 suncti
1022 2363 1172 2439 Oeoddse‚²
1194 2374 1330 2432 Andreas
1353 2377 1389 2435 do
1402 2316 1480 2359 mem.

171 2432 226 2535 ¹2⁷¹
238 2448 260 2481 ⁰¹
273 2438 315 2483 ⁴²
340 2462 507 2536 Harkeleya
528 2468 679 2536 tamquam
701 2462 835 2535 proditor
857 2462 936 2535 apud
959 2453 1098 2519 ΚειτΙοΙΙ3
1120 2468 1223 2537 captus
1246 2470 1301 2529 est,
1327 2466 1387 2521 dis·

167 2520 311 2589 H'ssd'ffl'
340 2558 462 2619 tractus,
508 2570 665 2625 suspensus
709 2558 741 2607 et
781 2550 972 2623 decapitatus,
1020 2552 1181 2609 visceribus
1230 2554 1389 2611 combustis

219 2625 227 2639 ⁹
339 2642 556 2699 demembratus
578 2647 634 2708 est,
656 2647 686 2698 et
708 2647 798 2713 capnt
819 2640 883 2712 ejus
905 2658 992 2713 super
1014 2646 1132 2714 pontem
1157 2642 1389 2699 Londoniensem

338 2732 468 2805 positum
491 2737 544 2789 est.
591 2732 640 2787 Ad
661 2732 780 2787 vincula
814 2729 910 2786 sancti
932 2730 1026 2797 Petri,
1049 2718 1184 2803 Rogems
1207 2733 1244 2787 de
1267 2732 1388 2789 Mortuo

337 2821 413 2877 mari
432 2820 536 2893 junior
556 2839 651 2894 nuper
682 2820 879 2877 incarceratus
902 2821 998 2875 evasit
1031 2820 1068 2877 de
1090 2820 1166 2876 turri
1189 2822 1388 2879 Londoniensi

335 2911 505 2967 custodibus
526 2911 588 2967 suis
610 2929 664 2983 per
685 2910 838 2982 potionem
860 2910 1051 2965 somniferam
1074 2911 1228 2984 soporatis.

237 3070 243 3082 ,
263 3028 275 3042 ·
380 3003 480 3068 Anno
494 3004 611 3092 gratiae
626 3018 819 3069 ucccxxm.
835 3001 990 3067 dominus
1006 3001 1181 3091 Regesne*
1196 3004 1237 3069 de
1254 3004 1555 3071 Mosconnum.

260 3104 268 3121 ’
335 3106 420 3169 mari
443 3106 550 3171 evasit
571 3106 613 3170 de
636 3105 722 3169 turri
745 3104 968 3169 Londoniensi
990 3125 1050 3190 per
1080 3105 1243 3171 auxilium
1277 3108 1484 3192 cujus-Rue

334 3208 412 3273 darn
444 3207 576 3273 Girurrli
607 3208 649 3271 de
679 3206 826 3291 Alspaye
860 3206 919 3292 qui
957 3206 1019 3270 sub
1051 3206 1184 3272 domino
1216 3206 1384 3295 Stephano
1396 3176 1530 3293 tippuimer

333 3309 375 3373 de
399 3308 543 3396 Segrave
566 3308 750 3375 custodium
775 3308 847 3393 ejus
878 3307 998 3373 hebuit
1028 3312 1067 3372 ut
1097 3330 1206 3396 supra,
1229 3314 1263 3374 et
1293 3308 1384 3397 fugit
1395 3324 1512 3375 younger

334 3410 370 3473 in
393 3410 576 3488 Franciam‚
607 3410 720 3495 ibique
757 3430 884 3475 moram
923 3409 1030 3475 traxit
1066 3430 1142 3476 cum
1172 3410 1287 3475 multis
1309 3390 1503 3493 aliisffi'g
1512 3384 1539 3427 ¹⁰

333 3513 391 3598 qui
414 3512 573 3601 fugerant
594 3534 616 3576 a
637 3511 722 3577 facie
753 3511 840 3599 regis
874 3510 1032 3576 Edwardi
1056 3533 1124 3597 prae
1147 3512 1266 3578 timore
1299 3514 1385 3600 regis

333 3619 368 3680 et
404 3615 680 3700 Dispensatorum
719 3614 777 3698 qui
824 3613 1013 3678 esuriebant
1051 3613 1168 3679 alienis
1214 3616 1312 3680 terris
1351 3620 1385 3680 et

332 3716 592 3802 possessionibus
614 3714 767 3780 saturari.

164 3818 310 3883 Cifltfflit
379 3825 464 3882 Circa
485 3825 616 3881 medium
638 3824 869 3897 quadragesima
885 3815 1013 3896 regins⁵
1028 3823 1150 3897 Angliae
1165 3827 1255 3882 missa
1279 3833 1326 3882 est
1347 3826 1385 3882 od

162 3885 180 3935 ¹·
192 3891 217 3938 ⁷
228 3902 251 3936 ⁰·
262 3892 304 3938 ⁴2.
333 3916 453 3971 bouem
469 3932 556 3971 suurn
578 3932 680 3986 regern
695 3913 840 3979 Francia,
857 3914 908 3985 qui
924 3931 1032 3985 magna
1047 3932 1083 3969 ex
1106 3920 1190 3987 parte
1206 3915 1384 3973 Vasconiam

162 3977 303 4095 ξῖἔωω·
332 4006 481 4061 invaserat
503 4004 541 4061 ad
571 4022 673 4077 pacem
704 3986 925 4076 procurandam,
971 4002 1057 4059 Oirca
1079 4004 1269 4061 nativitatem
1291 4004 1385 4061 beatos

213 4081 220 4095 ⁰
332 4095 436 4151 Mariae
466 4113 518 4150 rex
549 4094 633 4149 misit
666 4094 698 4148 in
732 4092 887 4148 Franciam
920 4092 1015 4146 filium
1038 4110 1124 4147 suurn
1148 4092 1325 4149 Edwardum
1350 4100 1385 4148 ut

331 4184 502 4256 homagium
525 4184 635 4240 laceret
655 4184 722 4254 regi
755 4181 888 4239 Francia
911 4199 965 4252 pro
988 4181 1097 4237 ducatu
1116 4182 1305 4255 Aequitaniae
1328 4184 1384 4239 sibi

364 4474 372 4507 ¹
390 4475 460 4527 Here
479 4490 514 4525 on
530 4472 641 4541 margins
652 4470 682 4523 oi
690 4474 723 4523 A.
734 4471 797 4537 only
807 4469 830 4523 is
915 4471 926 4503 ⁴
943 4470 1012 4521 Here
1023 4484 1057 4521 on
1068 4470 1112 4521 the
1129 4470 1227 4537 margin
1239 4471 1312 4527 ol'll.
1324 4474 1385 4540 only

330 4553 451 4604 Andreae
473 4552 505 4603 de
526 4550 657 4614 Harlelry
679 4557 780 4601 tractus
804 4558 830 4600 et
880 4547 903 4599 is
916 4548 1144 4599 Mortimeremsir
1155 4548 1275 4603 deun-12

329 4648 471 4698 urpmus.
826 4662 831 4671 ·
914 4626 1010 4679 ⁵Hera
1033 4644 1066 4677 on
1088 4628 1132 4677 the
1154 4629 1255 4694 margin
1278 4629 1310 4680 ol
1327 4632 1384 4682 MS.

362 4712 373 4744 ²
391 4711 494 4772 Ceddoe,
505 4710 586 4777 Higd.
879 4709 941 4772 only
953 4707 974 4758 is
989 4705 1125 4759 stertitur
1142 4709 1236 4773 reqirroe
1253 4710 1281 4759 in
1299 4708 1385 4761 Fran-

362 4790 373 4823 ³
392 4788 523 4851 Coerlr'elI,
534 4790 614 4854 Higd.
880 4788 951 4837 ciam.
