3625 5784
367 777 432 848 230
725 789 871 844 emmor
895 787 1079 843 ruraerou

369 1001 455 1070 papa
477 987 512 1051 et
531 1005 553 1050 a
567 983 690 1074 populo
713 989 810 1052 terrae
830 983 1010 1052 honorifioe
1027 990 1199 1073 suseeptus
1213 987 1324 1065 estet
1345 983 1425 1050 inde

200 1087 289 1168 Ηρὶι,
371 1085 579 1173 proficiscens
616 1089 654 1154 in
690 1087 944 1156 Alemanniam¹
981 1109 1080 1175 super
1111 1089 1222 1176 ipsum
1259 1087 1425 1156 Othonem

201 1163 353 1275 {ffiffl
373 1189 546 1275 magnifiee
568 1191 797 1278 triumphavit.
843 1189 910 1258 Hie
930 1205 1043 1256 autem
1064 1190 1258 1257 Frederious
1278 1190 1313 1276 ij.
1335 1210 1427 1254 ooro·

202 1312 340 1365 Preterion
373 1296 473 1357 natus
510 1291 578 1359 fuit
616 1294 795 1382 imperator
832 1295 874 1360 ab
914 1293 1064 1360 Honorio
1096 1315 1184 1382 papa
1214 1294 1252 1359 in
1288 1290 1426 1358 basilios

203 1381 322 1513 ἓξὲξ
373 1395 479 1461 sanati
503 1394 605 1477 Petri,
625 1396 844 1484 regnavitque
866 1395 1010 1483 xxxviij.
1033 1397 1130 1462 annis
1158 1395 1217 1462 sed
1246 1417 1315 1462 non
1338 1395 1426 1462 siout

321 1483 327 1498 ¹
373 1497 516 1566 eoelesiae
539 1500 645 1566 bonus
670 1500 769 1566 filius.
814 1499 889 1585 Ipse
913 1499 1068 1566 animab
1099 1498 1248 1566 infantia
1279 1499 1322 1565 ab
1354 1497 1426 1585 ipsa

206 1599 308 1651 Herm
374 1598 509 1670 ecelesia
539 1607 697 1688 tauquam
728 1622 787 1689 per
808 1605 950 1666 matrem
974 1599 1134 1668 eduoatns
1156 1607 1192 1668 et
1221 1601 1264 1666 ad
1294 1599 1426 1688 imperii

204 1667 354 1785 fflffiffl
373 1701 544 1790 fastigium
588 1703 720 1771 Othone
754 1703 913 1770 damnato
946 1708 1128 1791 promotus,
1160 1703 1328 1770 eeclesiam
1371 1702 1426 1769 dei

206 1800 309 1852 ahman.
373 1826 441 1871 non
477 1805 564 1872 fovit
601 1811 760 1893 tanquam
798 1812 938 1873 matrem
961 1805 1019 1872 sed
1052 1805 1146 1873 velut
1178 1827 1355 1873 novercam
1388 1807 1455 1872 in·

205 1918 362 1984 napuras·
375 1911 536 1994 quantum
558 1907 671 1994 potuit
692 1907 853 1990 laniavit;
876 1915 1011 1996 propter
1034 1909 1123 1995 quod
1145 1908 1231 1975 idern
1257 1907 1426 1975 Honorius

203 1987 302 2103 :ffi'
374 2011 432 2098 qui
450 2033 526 2077 eum
546 2015 769 2091 coronaverat,
787 2011 852 2076 sibi
874 2011 1029 2078 rebellem
1050 2017 1085 2078 et
1102 2013 1262 2079 &manae
1282 2012 1426 2080 ecelesiae

204 2118 278 2194 reem·
373 2112 598 2180 adversarium
614 2115 822 2202 comperiens,
837 2115 945 2202 ipsum
955 2115 1254 2184 anathematizavit
1269 2121 1304 2183 et
1315 2136 1427 2182 omnes

204 2183 344 2301 {gffifm
374 2215 538 2304 principes
571 2216 642 2304 ejus
676 2240 697 2284 a
728 2239 789 2283 sua
811 2217 974 2284 fidelitate
996 2216 1148 2284 absoluit.
1205 2219 1282 2306 Ipse
1312 2223 1427 2286 tamen

374 2318 542 2405 inceptum
565 2340 707 2386 errorem
729 2319 927 2387 continuans
949 2320 1072 2385 multas
1096 2320 1239 2388 eoolesiae
1262 2319 1316 2386 dei
1338 2320 1426 2406 inju-

203 2430 323 2483 nireon·
374 2420 441 2486 rias
471 2421 589 2486 intth
612 2425 646 2487 et
669 2410 729 2509 pro
760 2443 854 2508 posse
880 2442 1078 2510 gravamen.
1124 2419 1218 2489 Inter
1248 2444 1331 2510 quas
1346 2421 1430 2489 duos

202 2499 339 2617 me
374 2523 554 2590 aeruna
577 2523 636 2610 qui
657 2543 718 2610 pro
740 2523 884 2591 aetesiae
906 2523 1054 2590 subsidio
1072 2524 1163 2590 maa
1183 2525 1316 2592 fuerant
1337 2525 1427 2592 una

201 2631 350 2696 signiam
371 2631 500 2694 montes
536 2648 612 2696 eum
649 2627 795 2694 redirent
831 2628 875 2695 ad
908 2627 1033 2695 curiam
1069 2649 1139 2694 una
1171 2650 1246 2695 eum
1279 2628 1427 2716 praelotis

201 2697 306 2815 mh
371 2731 485 2797 multis
508 2731 565 2818 qui
584 2732 806 2818 properabant
823 2753 883 2820 per
905 2753 1008 2800 naves
1029 2733 1224 2800 Pisanorum
1242 2733 1426 2821 eaptivavit

369 2836 404 2900 et
418 2833 565 2900 retinuit.
599 2833 728 2916 Quibus
745 2839 944 2921 provocatus
961 2834 1094 2920 injuriis
1112 2835 1326 2902 Innocentius
1341 2857 1426 2924 papa

200 2951 254 3004 Tha
329 3017 335 3031 .
371 2935 558 3023 praedictus,
584 2935 634 3002 *de
664 2936 831 3004 communi
854 2936 990 3004 oonsilio
1026 2937 1131 3004 totius
1153 2939 1285 3005 concilii
1316 2939 1425 3026 ipsum

200 3032 359 3154 ffiffi}
372 3038 581 3106 Frederioum
604 3037 745 3105 terribili
768 3039 979 3106 anathemate
1002 3040 1268 3128 oondempnavit,
1298 3044 1333 3107 et
1355 3041 1426 3107 exi·

200 3151 334 3218 theraeo.
371 3141 526 3228 gentibus
564 3139 669 3227 eulpis
706 3141 774 3207 suis
812 3141 856 3208 ab
892 3140 1024 3229 imperii
1061 3141 1227 3229 dignitate
1265 3141 1424 3228 deposuit

371 3242 475 3310 Facta
506 3247 586 3308 sunt
618 3240 690 3310 haee
712 3242 747 3308 in
772 3243 897 3309 octavis
919 3244 1026 3310 saneti
1056 3243 1220 3310 dohannie
1255 3243 1424 3330 Baptistae.

372 3343 454 3426 Quae
476 3365 552 3411 oum
576 3343 724 3410 audisset
753 3344 809 3410 ille
834 3345 1003 3432 depositus
1025 3346 1226 3432 contempsit
1248 3347 1367 3425 omnia,
1391 3352 1426 3412 et

201 3452 305 3504 neret·
370 3445 717 3513 excommunicationis
740 3453 775 3514 et
797 3447 1012 3535 depositionis
1031 3449 1215 3514 sententias
1238 3470 1298 3537 pro
1321 3448 1424 3516 nihilo

202 3533 358 3636 {effidem
370 3553 526 3635 reputans
557 3549 777 3636 imperatoriae
811 3550 996 3636 majestatis
1034 3550 1217 3638 potentiam
1255 3556 1296 3617 ut
1332 3551 1426 3638 prius

201 3652 339 3716 anddepo-
371 3650 530 3731 exerouit,
565 3656 599 3717 et
636 3650 855 3731 continuavit,
892 3651 1048 3740 misitque
1079 3652 1237 3740 epistolas
1271 3673 1347 3720 suas
1381 3652 1425 3719 ad

201 3723 322 3836 {iffi
371 3754 542 3820 universos
564 3752 652 3819 orbis
675 3753 847 3841 principes,
869 3753 906 3820 in
929 3753 999 3822 liaeo
1025 3754 1148 3820 uerba:

200 3873 256 3926 'l'he
417 3854 609 3921 Proderious²
632 3863 680 3920 dei
710 3865 816 3936 gratia,
847 3871 901 3924 ete.
957 3865 1100 3923 Omnibus
1131 3865 1250 3936 regibus
1281 3871 1312 3921 et
1342 3864 1424 3936 prin·

199 3939 341 4006 ‘mimi'¹¹
371 3953 484 4026 oipibus
507 3971 559 4028 per
580 3953 746 4010 universam
769 3953 1021 4011 christianitatem
1044 3955 1177 4011 salutem.
1224 3953 1296 4010 Illos
1323 3955 1423 4010 lelioes

200 4009 352 4138 {ffiqtssw
372 4042 511 4100 describit
533 4041 694 4114 antiquitas
716 4043 822 4116 quibus
844 4061 879 4100 ex
901 4043 998 4100 alieno
1020 4047 1178 4117 praestatur
1200 4043 1314 4100 cautela
1346 4045 1422 4116 peri-

199 4139 327 4194 oiOtn-is-
372 4133 448 4200 eulo,
472 4137 566 4189 elatus
589 4149 715 4204 namque
737 4132 883 4204 sequentis
906 4131 1050 4190 formatur
1073 4150 1109 4188 ex
1139 4132 1286 4205 prinoipio
1317 4150 1423 4206 perere·

200 4209 313 4260 *ΝΜ
372 4221 478 4290 dentis,
502 4226 532 4279 et
554 4225 588 4278 ut
610 4220 829 4294 impressionem
851 4237 918 4278 oera
938 4221 1045 4295 recipit
1066 4239 1102 4279 ex
1125 4221 1235 4293 sigillo,
1259 4222 1301 4278 sio
1322 4222 1425 4280 eadem

199 4299 338 4430 {Rem
371 4311 435 4370 rice
458 4312 601 4369 formatur
622 4309 785 4368 mortalitas
806 4311 950 4385 exemplo.
995 4312 1082 4370 Hane
1112 4312 1229 4368 utinam
1251 4310 1424 4369 felicitatem

200 4445 320 4510 essene

199 4511 334 4616 ἶὶῗιῗὲ..

403 4653 411 4686 ¹
430 4651 624 4714 Allamaaniarn,
635 4651 671 4702 A.
960 4651 971 4685 ²
987 4651 1056 4705 Here
1068 4667 1102 4704 on
1118 4654 1181 4705 both
1192 4653 1305 4723 margins
1324 4655 1347 4706 is
1361 4656 1429 4707 Coa-

924 4731 1038 4800 querilur
1050 4748 1129 4804 super
1139 4731 1187 4785 dor
1197 4731 1362 4789 eraderem.
