3625 5784
607 841 879 894 LEYOESTRENSIS
902 843 1116 894 cnoulcor.
1327 836 1392 899 245

336 1031 543 1098 Londoniam
579 1033 702 1098 reversi
745 1039 834 1099 sunt.
894 1034 1104 1100 Adveniente
1136 1035 1270 1100 demum
1309 1056 1387 1120 rege
1404 1039 1523 1105 uueygo

336 1134 488 1200 exierunt
512 1157 586 1200 cum
610 1137 739 1202 eivibus
763 1135 896 1200 obviam
919 1137 959 1213 ei,
981 1158 1049 1200 non
1065 1142 1178 1200 tamen
1201 1137 1244 1202 ad
1269 1138 1388 1222 reeipi-
1402 1106 1544 1222 fflffih,

336 1237 456 1301 endum
481 1258 555 1303 eum
587 1237 706 1324 palmis
729 1238 787 1303 sed
809 1238 853 1302 ad
885 1238 1113 1323 repellendum
1145 1261 1221 1306 eum
1253 1239 1386 1304 lanceis.
1402 1238 1470 1302 king.

336 1339 589 1424 Declinavitque
612 1362 680 1418 ren,
696 1346 730 1408 et
745 1346 842 1426 capto
858 1340 994 1406 castello
1018 1341 1058 1406 de
1083 1341 1281 1426 Kyngesten
1296 1341 1385 1426 quod

336 1446 406 1504 erat
439 1441 569 1506 eomitis
602 1442 824 1517 Gloueestrise,
857 1441 1025 1526 profectus
1059 1442 1287 1509 Roueeatriam
1326 1443 1384 1507 ubi

334 1543 515 1610 interfectis
538 1544 734 1628 quibusdam
756 1544 961 1608 obsidionem
985 1544 1077 1608 illam
1100 1544 1206 1630 fregit.

377 1644 525 1730 Indeque
548 1646 694 1730 perrexit
717 1667 776 1710 rex
798 1647 887 1731 apud
910 1645 1113 1730 Tunnebrug
1138 1652 1172 1710 et
1197 1646 1327 1712 reddito
1353 1647 1383 1710 ei
1398 1656 1523 1732 Herum·

333 1751 438 1810 aestro
461 1769 535 1811 eum
558 1747 640 1811 villa
655 1749 742 1833 cepit
757 1748 878 1812 ibidem
896 1749 1096 1814 comitissam
1112 1746 1332 1826 Gloueestriae,
1349 1754 1383 1813 et
1397 1724 1466 1837 ῗάθ
1477 1730 1535 1838 ξπ,

332 1867 402 1914 eam
426 1849 537 1934 posuit
560 1851 595 1912 in
619 1848 778 1915 abbathia
800 1869 867 1914 non
889 1850 1137 1914 custodiendam
1169 1850 1303 1934 quidem
1325 1851 1382 1916 sed
1394 1870 1439 1905 ⁰1¹·
1495 1869 1560 1906 ma.

333 1956 371 2015 ut
392 1949 499 2015 abiret
529 1950 629 2016 libere
660 1973 725 2036 quo
759 1950 866 2029 vellet,
897 1951 1096 2036 reliquitque
1127 1951 1170 2018 ad
1200 1953 1382 2018 custodiam
1395 1958 1505 2034 mento

331 2053 429 2117 castri
453 2059 488 2118 et
511 2052 601 2116 urbis
624 2075 778 2139 magnam
802 2057 930 2139 partem
952 2054 1003 2118 sui
1020 2054 1183 2120 exereitus
1207 2054 1381 2141 plusquam
1395 2023 1553 2140 ,Tffissffl’

157 2149 246 2264 ἓξὲξ
260 2149 317 2198 ⁰⁰¹·
332 2177 387 2220 xx.
412 2155 622 2220 vexillarios¹
648 2156 776 2232 eleetoa
799 2178 838 2220 eo
861 2157 950 2242 quod
966 2157 1185 2222 communiter
1207 2157 1380 2236 diceretur,
1395 2172 1496 2207 surren-

227 2253 233 2264 ’
332 2258 419 2342 quod
465 2279 571 2322 eomes
610 2258 824 2324 Gioueestiiae
862 2258 905 2322 ad
943 2259 1204 2344 expugnandum
1242 2281 1298 2324 eos
1343 2263 1379 2325 in
1395 2224 1479 2272 dm

331 2361 482 2444 proximo
504 2361 683 2427 adveniret.
732 2360 805 2438 Quo
828 2360 925 2438 faeta,
948 2361 1013 2424 iter
1034 2362 1203 2445 inceptum
1225 2363 1378 2426 eontinu-

330 2461 529 2547 avitusque
563 2462 776 2542 Winehelsee,
800 2462 858 2527 ubi
891 2461 1111 2526 marinarios²
1143 2463 1183 2527 de
1218 2464 1380 2549 portubus
1394 2454 1504 2530 T¹¹.⁰¹¹²⁰

328 2566 451 2651 recepit
483 2566 525 2631 ad
560 2587 681 2650 paeem,
705 2570 739 2630 et
771 2587 845 2630 eum
879 2566 926 2630 eis
958 2565 1054 2650 plene
1077 2566 1293 2630 concordatus
1317 2571 1379 2646 est,
1393 2520 1500 2638 {iiiia

327 2673 361 2732 et
393 2675 468 2752 post
492 2668 640 2733 triduum
673 2673 785 2732 autem
809 2689 957 2752 egressus
982 2690 1004 2730 a
1026 2667 1096 2732 loeo
1119 2668 1176 2733 illo
1200 2666 1320 2733 venit³
1342 2667 1379 2732 in
1392 2675 1538 2727 Theneeho

326 2770 477 2853 sequenti
501 2769 639 2834 sabbato
669 2769 705 2834 in
737 2767 852 2832 villam
885 2768 927 2832 de
957 2768 1064 2846 Lews,
1095 2773 1129 2832 et
1160 2774 1311 2854 receptus
1327 2775 1378 2834 est
1391 2743 1527 2860 3⁸3ss

326 2891 385 2936 rex
430 2871 467 2934 in
512 2870 716 2947 abbathiam,
764 2869 851 2934 filius
897 2875 1011 2934 autem
1056 2871 1127 2954 ejus
1172 2871 1208 2934 in
1254 2877 1372 2938 castro.

327 2971 466 3037 Interim
513 2973 692 3037 mittebant
726 2973 838 3036 literas
883 2972 925 3036 ad
975 2993 1086 3057 regem
1128 2972 1267 3038 barenes
1311 2973 1376 3058 xij⁰

327 3076 452 3141 seilicet
488 3075 542 3139 die
581 3075 661 3140 Maii
697 3075 921 3140 excusatorias
960 3080 995 3139 et
1033 3076 1301 3142 comminatorias
1339 3077 1375 3140 in

326 3181 429 3262 parte,
452 3177 607 3252 dieentes,
630 3197 664 3240 se
697 3177 727 3240 ei
764 3175 922 3241 honorem
956 3175 1041 3240 velle
1073 3176 1179 3241 faeere
1212 3184 1374 3261 quantum
1389 3167 1549 3246 mim·

326 3279 369 3342 ed
406 3299 580 3364 personam
618 3284 653 3343 et
689 3283 814 3344 statum
857 3277 1036 3363 proprium,
1076 3278 1225 3344 homines
1262 3285 1375 3346 tamen
1388 3234 1515 3352 :erma
1543 3355 1547 3363 ,

326 3382 485 3466 quosdam
518 3403 599 3466 quos
623 3402 732 3446 seeum
755 3386 910 3445 tenuerat
941 3381 1100 3465 impetere
1132 3382 1257 3446 vellent
1280 3383 1374 3449 velut
1389 3373 1497 3418 stranea.

325 3483 436 3549 hostes
459 3483 643 3568 publicatos
667 3483 855 3567 ubicunque
871 3483 1103 3547 invenirentur
1126 3483 1162 3547 in
1186 3489 1281 3550 terra.
1327 3485 1375 3550 At

325 3585 566 3650 communicato
618 3584 754 3650 eonsilio
800 3585 994 3670 conseripsit
1039 3585 1087 3650 eis
1132 3591 1167 3652 et
1211 3588 1376 3672 praecipue

324 3687 453 3752 duobus
475 3687 653 3752 comitibus
675 3686 872 3771 Leycestriae
906 3693 948 3765 et¹
973 3685 1197 3765 Gloueestriae‚
1232 3711 1374 3775 arguens

324 3811 378 3854 eos
416 3791 457 3854 de
496 3790 625 3854 damnis
664 3789 727 3852 sibi
762 3787 874 3864 illatis,
909 3789 1070 3854 incendiis
1105 3796 1139 3855 et
1172 3791 1304 3876 rapinis,
1340 3799 1374 3857 et
1389 3779 1429 3828 He
1440 3787 1541 3830 returns

323 3893 411 3977 quod
446 3913 502 3978 per
525 3911 579 3955 eos
611 3890 760 3954 interra
790 3909 851 3954 sua
882 3911 1002 3974 guerra
1023 3897 1115 3955 mota
1137 3896 1197 3969 est,
1219 3893 1373 3968 adiciens,
1385 3859 1534 3964 ῗένὲξῖιωο

323 3995 410 4080 quod
444 3992 593 4058 homines
633 4013 715 4076 quos
754 4011 891 4077 gravare
923 3991 1097 4056 voluerant
1128 4013 1182 4057 eos
1213 3998 1372 4078 tanquam
1386 3979 1467 4041 '⁰⁹¹7'

323 4097 435 4162 fideles
458 4117 535 4160 suos
558 4099 716 4179 reputans
740 4113 798 4178 pro
822 4113 917 4177 posse
939 4093 1130 4159 defenderet
1152 4099 1187 4158 et
1209 4093 1372 4160 liberaret.

324 4200 464 4285 Insuper
502 4203 537 4263 et
579 4197 717 4281 injurias
754 4195 817 4259 sibi
865 4195 976 4260 illatas
1025 4202 1186 4280 tanquam
1224 4197 1373 4282 proprias

323 4299 491 4366 emendari
526 4299 649 4364 faceret
679 4302 713 4362 et
749 4317 806 4382 pro
839 4301 987 4381 tempore
1016 4297 1190 4382 judiearet.
1246 4296 1373 4377 Quibus

355 4628 363 4659 ¹
382 4625 564 4682 veriuntur-ior,
576 4623 632 4674 ΜΒ.
685 4621 689 4628 ”
904 4619 916 4650 ³
934 4618 1003 4668 Here
1015 4633 1049 4669 on
1067 4618 1130 4668 both
1148 4618 1261 4686 margins
1280 4619 1303 4670 is
1315 4621 1372 4672 Rex

354 4705 365 4738 ²
381 4703 598 4754 marimrimrios
610 4701 636 4751 in
648 4700 711 4752 both
723 4699 795 4750 MSS.
819 4771 821 4776 Ι
871 4698 940 4746 venit
951 4696 1024 4761 apud
1035 4695 1118 4746 leun.
