3625 5784
179 3248 257 3294 2395.

611 900 884 954 aevorsraansrs
907 901 1119 954 (insomnes.
1331 883 1394 955 145

343 1102 499 1170 utrumque
521 1097 749 1165 Testamentum,
773 1105 804 1155 et
825 1099 915 1156 etiam
939 1115 1086 1155 sermones
1110 1097 1241 1170 insignes
1264 1098 1394 1170 reliquit.

342 1187 508 1258 Allegoriae
538 1188 628 1243 etiam
662 1206 728 1243 suae
762 1189 876 1260 redegit
914 1189 946 1244 in
979 1189 1086 1244 librum
1117 1188 1274 1245 metricum
1307 1207 1394 1260 quom

342 1276 507 1334 intitulavit
528 1279 680 1333 Auroram.

388 1367 561 1439 Radulphus
584 1366 764 1424 coloniensis
797 1369 949 1441 episeopus
972 1367 1135 1426 transvexit
1157 1369 1192 1424 de
1216 1366 1392 1435 Mediolano,

346 1474 397 1528 per
418 1456 604 1512 lhedericum
626 1475 721 1529 nuper
735 1457 892 1524 destructo,
909 1459 968 1514 tria
989 1477 1142 1529 magorum
1165 1475 1285 1529 eorpora
1303 1475 1393 1529 usque

347 1544 504 1602 Coloniam.
550 1547 623 1602 Haeo
656 1565 761 1619 nempe
795 1566 915 1619 corpora
952 1547 1088 1621 primitus
1126 1546 1162 1603 de
1200 1546 1319 1602 Perside
1356 1547 1394 1601 ad

347 1635 640 1708 Constantinopolim,
663 1636 784 1692 atinde
806 1655 858 1708 per
881 1637 1017 1708 Sergium
1040 1655 1145 1710 papam
1168 1655 1259 1709 usque
1281 1635 1394 1692 Medio·

346 1724 446 1780 lanum
465 1731 630 1782 homesta
651 1727 776 1782 fuerant.
821 1727 886 1782 Hoc
901 1745 978 1782 anno
993 1727 1198 1800 martyrisatus
1213 1731 1257 1782 est
1272 1726 1396 1782 Thomas

346 1814 573 1882 Cantuariensis,
597 1815 634 1870 de
656 1834 713 1888 quo
736 1815 856 1888 quidam
878 1815 997 1872 matrice
1020 1817 1080 1873 sia:

434 1957 522 2012 Anno
544 1957 666 2012 milleno
688 1962 810 2013 oenteno
832 1965 1021 2030 septuageno,

523 2047 689 2118 Anglorum
711 2047 820 2119 primas
843 2048 953 2103 oorruit
975 2063 1043 2104 ense
1066 2047 1198 2104 Thomas.

345 2135 431 2192 Alius
454 2135 515 2192 sie:

437 2226 507 2296 Quis
530 2225 678 2282 morituri
700 2226 821 2282 Praesut
868 2225 954 2284 Curi
977 2227 1034 2284 Pro
1058 2245 1156 2300 grege.

527 2315 682 2386 Qualiter?
706 2317 792 2372 Ense.

529 2405 676 2475 Quando?
698 2405 809 2461 Natali.
855 2406 927 2477 Quis
950 2407 1056 2465 loeus?
1078 2405 1140 2464 Ara
1163 2407 1227 2463 Dei.

349 2496 388 2551 Et
410 2496 485 2551 alius
506 2496 565 2551 sio:

437 2586 495 2640 Pro
518 2583 628 2642 Christi
650 2602 765 2657 sponsa,
790 2585 900 2642 Christi
923 2586 977 2642 sub
1001 2591 1141 2660 temporo,
1166 2585 1276 2642 Christi

526 2675 564 2730 In
586 2676 707 2747 templo,
730 2675 841 2732 Christi
863 2694 950 2732 verus
972 2681 1084 2733 amator
1106 2675 1175 2732 obit.

394 2841 464 2896 Post
498 2839 581 2912 cujus
615 2846 739 2897 mortem
778 2842 868 2913 ooepit
905 2859 967 2896 sors
1006 2840 1089 2914 regia
1121 2841 1276 2896 attenuari.
1321 2841 1399 2897 Nem

350 2949 427 2986 auno
462 2929 668 3003 sequentinm
690 2930 783 2986 adivit
816 2931 1000 2996 Hiberniam,
1025 2949 1112 3002 quam
1135 2935 1268 3002 potenter
1301 2930 1399 3001 subju·

351 3021 452 3091 gavit:
475 3021 591 3076 volente
612 3039 689 3092 papa
704 3020 825 3076 consilia
847 3039 900 3092 por
922 3021 985 3074 loca
1009 3011 1399 3086 celebrantur,1etmaximo

351 3109 427 3181 apud
452 3109 614 3176 Cossitium,
637 3110 689 3165 ubi
719 3110 827 3181 primas
850 3109 1053 3164 Armaohanus
1076 3111 1113 3164 ob
1145 3110 1274 3182 eorporis
1296 3109 1399 3166 invali-

181 3173 328 3238 Twywl·
352 3199 486 3254 tudinem
509 3204 580 3255 tuno
602 3217 661 3254 non
683 3197 776 3254 affuit.
823 3197 879 3269 Qui
902 3217 1018 3254 vaccam
1044 3197 1198 3254 candidam
1221 3198 1303 3270 cujus
1325 3199 1400 3254 lacte

353 3289 494 3344 duntaxat
515 3289 668 3344 fovebatur
690 3307 788 3344 secum
811 3306 924 3361 semper
947 3288 1150 3343 circumduxit.
1196 3289 1281 3344 Hane
1303 3289 1401 3360 itaque

353 3377 479 3434 insulam
516 3397 566 3434 rex
604 3396 657 3450 pro
691 3395 774 3450 posse
807 3378 995 3446 reformabat,
1027 3378 1153 3434 maxime
1191 3377 1286 3450 quoad
1322 3377 1399 3446 tria;

353 3469 448 3540 quoad
481 3469 608 3524 officium
642 3467 871 3524 ecelesiasticam
902 3467 1123 3534 modulandum,
1147 3468 1242 3539 quoad
1275 3466 1402 3524 decimas

352 3558 540 3629 praestandae,
564 3562 594 3614 et
616 3558 711 3629 quoad
732 3557 824 3613 ritum
846 3556 1099 3612 matrimonialem.
1146 3557 1190 3612 Ibi
1214 3562 1285 3614 tuno
1308 3563 1401 3613 statu-

352 3652 415 3702 tum
438 3653 483 3702 est
517 3653 552 3701 ut
573 3648 731 3702 morientes
753 3647 785 3701 in
815 3647 973 3718 prasentia
998 3646 1160 3703 vicinorum
1182 3649 1302 3702 testium
1335 3664 1401 3702 oon·

353 3737 425 3792 dant
447 3741 666 3802 testamentum,
690 3741 721 3791 et
743 3736 819 3791 bona
841 3754 894 3790 sua
916 3735 1037 3791 mobilia
1059 3736 1084 3792 si
1107 3741 1275 3792 uxoremst
1296 3735 1402 3791 liberos

352 3826 480 3881 habeant
503 3825 628 3881 deducto
651 3843 708 3881 aere
730 3825 825 3881 alieno
847 3830 877 3880 et
900 3824 1054 3896 stipendiis
1077 3824 1266 3882 servientium
1288 3825 1321 3880 in
1344 3831 1403 3881 tres

354 3920 451 3987 partes
473 3915 652 3980 dividantur,
676 3933 798 3987 quarum
822 3933 881 3970 una
903 3914 1012 3980 liberis,
1036 3915 1094 3971 alia
1120 3915 1213 3980 uxori,
1237 3915 1326 3971 tertia
1347 3914 1404 3970 sibi

354 4010 383 4060 et
405 4004 534 4076 exequiis
567 4005 745 4076 designetur.
792 4004 825 4059 Si
858 4021 927 4060 vero
950 4003 1049 4060 liberis
1081 4009 1132 4060 aut
1153 4021 1242 4060 uxore
1276 4008 1402 4072 oareant,

354 4095 430 4150 bona
451 4096 483 4149 in
506 4095 579 4151 duas
601 4100 699 4166 partes
721 4094 898 4150 dividantur.

399 4184 480 4254 Rege
517 4183 554 4239 de
584 4182 729 4240 Hibernia
762 4201 887 4250 reverso,
926 4188 1078 4256 coeperuat
1115 4181 1306 4239 revelationes
1342 4180 1405 4238 fieri

355 4272 504 4344 potissime
538 4273 574 4328 de
610 4274 672 4329 vita
710 4291 762 4328 sua
799 4273 980 4344 corrigenda.
1040 4272 1139 4328 Primo
1177 4290 1228 4344 per
1261 4271 1406 4343 quendam

356 4379 455 4418 senem
487 4363 565 4434 apud
597 4369 725 4418 castrum
749 4364 786 4418 de
820 4352 965 4419 Kaerdif2
988 4363 1019 4418 in
1044 4361 1161 4427 Wnllia,
1186 4360 1342 4416 Dominiea
1374 4359 1406 4413 in

355 4451 429 4507 albis
462 4450 524 4522 viij.
548 4452 667 4508 Paschae
691 4451 747 4518 die,
782 4451 833 4507 ubi
864 4457 931 4524 post
961 4452 1080 4506 missam
1103 4450 1233 4505 auditam
1256 4450 1328 4504 dum
1357 4466 1408 4504 rex

355 4540 391 4596 ad
429 4559 536 4613 equum
574 4559 660 4596 suum
693 4542 851 4607 accederet,
887 4540 981 4596 astitit
1013 4541 1040 4594 ei
1073 4539 1120 4594 vir
1151 4539 1269 4611 quidam
1305 4539 1406 4605 flavus,

391 4830 650 4901 ¹cslebravit,l{igd.
872 4831 878 4900 1
943 4829 1187 4899 ²Caerdyfil1igd.

454 4941 470 4978 ο
504 4928 595 4978 51971.
1251 4943 1275 5000 Κ
