3625 5784
428 913 493 976 214
766 923 914 974 sanarer
937 922 1118 972 rnronron

434 1117 471 1173 ab
506 1115 592 1172 initio
627 1133 679 1189 per
712 1117 877 1189 spiritualia
898 1117 970 1173 vite
1001 1115 1139 1171 exercitia
1168 1113 1321 1170 messuit
1352 1112 1384 1166 in
1416 1109 1486 1166 boni

436 1205 577 1270 studium,
593 1209 627 1259 nt
642 1207 819 1277 prevalente
834 1207 1021 1278 postmodum
1035 1205 1141 1261 inolita
1156 1201 1364 1260 consuetudine
1378 1200 1487 1256 vitaret

437 1295 519 1351 velut
534 1295 708 1350 naturaliter
723 1313 808 1350 omne
823 1296 942 1351 malum.
982 1295 1040 1351 Sed
1056 1293 1188 1366 quamvis
1203 1291 1329 1363 singulis
1342 1290 1486 1345 virtutum

438 1385 558 1440 floribus
588 1388 761 1451 coruscaret,
792 1384 1041 1456 incorruptionem
1080 1387 1177 1439 tamen
1216 1399 1282 1453 quas
1321 1380 1486 1452 proximum

437 1563 574 1629 devovit3
607 1563 644 1618 ad
666 1564 769 1618 matris
792 1563 947 1619 consilinm
977 1561 1174 1626 cilicienses,
1199 1577 1250 1631 per
1276 1563 1372 1614 sextas
1401 1557 1487 1612 serias

436 1671 512 1724 pane
528 1657 558 1706 et
573 1669 648 1724 aqua
660 1651 826 1723 jejunavit;
851 1652 952 1707 diebus
968 1649 1130 1706 Dominicis
1144 1655 1174 1705 et
1196 1647 1308 1704 festivis
1330 1651 1487 1717 antequam

437 1741 610 1806 comederet,
629 1742 806 1808 Psalteriam
827 1759 863 1797 ex
881 1742 996 1811 integro
1019 1738 1114 1796 dioere
1137 1738 1306 1794 consuevit:
1329 1736 1361 1791 in
1383 1735 1486 1807 primis

437 1829 535 1902 itaque
558 1830 643 1884 annis
667 1831 736 1885 dum
763 1830 962 1902 grammatica
985 1828 1159 1895 intenderet,
1182 1827 1286 1899 ospitis
1314 1826 1413 1880 dolore
1444 1824 1486 1879 ita

437 1919 543 1974 aeriter
558 1924 678 1974 vexatas
699 1925 753 1985 est,
771 1925 805 1975 nt
827 1919 858 1973 in
882 1919 976 1976 literis
997 1919 1133 1990 deinceps
1155 1917 1292 1989 proficere
1314 1915 1485 1985 desperaret

438 2007 494 2063 (lui
510 2013 604 2063 mater
619 2008 671 2074 ait,
690 2010 708 2034 “
721 2009 788 2074 Fili,
805 2001 953 2074 arbitror,¹
970 2008 1044 2063 laica
1059 2013 1089 2062 et
1105 2006 1271 2061 inordinata
1287 2021 1374 2075 quam
1389 2008 1486 2073 gestas

440 2098 459 2122 “
476 2103 596 2153 tonsura
618 2096 726 2152 doloris
749 2099 794 2152 tui
816 2103 861 2154 est
883 2098 1000 2162 caasa,”
1016 2095 1094 2151 unde
1116 2102 1147 2151 et
1162 2093 1347 2166 postmodam
1367 2092 1486 2147 clerica·

438 2187 506 2242 liter
521 2191 652 2241 attonsus
669 2187 778 2242 doloris
800 2185 983 2242 incommodo
999 2185 1102 2240 caruit.
1148 2185 1226 2239 Dum
1249 2182 1338 2238 etiam
1354 2180 1385 2235 in
1402 2185 1485 2253 prato

439 2275 563 2346 quodam
584 2275 704 2331 Oxoniae
725 2277 822 2332 vicino
840 2274 986 2346 spatiandi
1006 2293 1092 2330 cansa
1113 2291 1242 2330 seorsum
1262 2273 1327 2336 iret,
1351 2267 1487 2342 apparuit

437 2363 465 2418 ei
496 2381 568 2434 puer
602 2365 759 2436 speciosas,
793 2364 835 2419 sic
862 2363 1008 2436 inquiens,
1033 2367 1052 2390 ‘⁴
1065 2364 1161 2427 Salve,
1186 2361 1292 2416 dilecte
1316 2359 1368 2425 mi,
1396 2359 1486 2414 miror
1499 2339 1648 2456 fflwl·

438 2451 458 2480 ‘⁸
483 2452 561 2524 quod
583 2471 630 2509 ms
651 2473 710 2510 non
733 2453 875 2525 agnoscis,
900 2453 1061 2525 praesertim
1084 2469 1151 2508 cum
1181 2451 1219 2506 ad
1244 2452 1321 2505 latus
1343 2453 1428 2504 taum
1454 2449 1486 2503 in
1567 2443 1573 2456 ⁸

439 2543 459 2568 “
484 2542 590 2598 sobolis
605 2547 635 2598 et
649 2543 719 2598 alibi
739 2542 852 2614 jugiter
866 2543 1019 2608 assistam
1043 2541 1121 2613 quod
1136 2541 1229 2612 igitar
1242 2539 1351 2596 videris
1366 2539 1396 2594 iu
1413 2539 1487 2594 facie

440 2633 458 2658 “
482 2649 548 2686 mea
578 2632 718 2702 scriptum
742 2631 796 2687 hoo
820 2632 910 2686 fronti
933 2637 993 2686 tues
1020 2630 1145 2702 singulis
1171 2630 1306 2685 noctibus
1332 2618 1487 2701 inprime’'

438 2721 509 2775 Erat
539 2725 637 2774 autem
669 2718 818 2791 scriptum,
855 2723 873 2746 ‘⁸
888 2720 972 2776 Jesus
1005 2719 1174 2775 Nazarenua
1205 2737 1256 2774 rex
1287 2717 1486 2774 Judaeerum.”

438 2809 553 2864 Extnna
575 2807 678 2864 didicit
701 2808 854 2866 dominicae
877 2807 1019 2880 passionis
1034 2809 1204 2865 memoriam
1223 2807 1336 2879 jugiter
1349 2807 1485 2870 recolere,

437 2915 524 2970 quam
547 2896 618 2952 dnm
641 2899 730 2953 semel
750 2898 786 2952 ob
801 2898 931 2952 futuram
946 2898 1100 2954 lectionem
1116 2897 1362 2970 pretermitteret,
1378 2898 1485 2950 irrum-

437 2991 524 3058 pente
546 3004 650 3042 aurora
672 2986 810 3058 antiquus
832 2987 924 3042 hostis
953 3006 1043 3043 nese
1066 2987 1182 3059 signare
1204 2991 1301 3058 posset
1332 2990 1485 3056 utramque

436 3074 492 3130 sibi
514 3093 633 3130 manum
655 3075 799 3146 alligavit,
822 3075 873 3132 sed
895 3075 959 3148 ipso
981 3077 1014 3132 in
1036 3077 1142 3148 spiritu
1156 3080 1257 3131 orante
1272 3074 1380 3130 decidit
1393 3073 1486 3130 hostis

436 3164 530 3220 abeo
553 3164 630 3220 inter
652 3165 793 3236 parietem
816 3170 846 3221 et
868 3166 995 3232 lectum,
1020 3183 1106 3238 quem
1129 3165 1198 3220 dum
1222 3183 1274 3237 per
1292 3165 1484 3237 aspersionem

436 3251 588 3324 sanguinis
623 3253 732 3309 Christi
766 3253 927 3325 adjurasset
956 3261 991 3309 ut
1021 3255 1076 3310 sibi
1099 3255 1208 3310 diceret
1230 3273 1282 3327 per
1315 3252 1387 3326 quid
1420 3254 1485 3326 plus

435 3343 528 3398 arceri
550 3347 656 3412 posset,
680 3343 839 3414 respondit,
864 3345 882 3370 ‘¹
897 3345 952 3399 Per
974 3333 1072 3398 illnd²
1093 3344 1170 3416 qnod
1188 3344 1274 3399 modo
1295 3343 1485 3397 nominasti.”

437 3429 505 3486 Alia
519 3429 583 3486 vioe
597 3431 668 3484 dum
691 3431 766 3487 hanc
786 3432 957 3498 orationem,
974 3433 999 3488 Ο
1014 3424 1112 3488 bona³
1133 3440 1164 3490 et
1185 3434 1367 3499 intemerata,
1392 3430 1486 3487 dicere

437 3518 591 3586 omisisset,
613 3519 714 3575 beatas
738 3521 886 3576 Johannes
910 3523 1098 3593 Evangeliata
1121 3523 1152 3577 in
1183 3522 1313 3594 sompnis
1343 3538 1487 3594 apparens

436 3607 629 3663 comminatus
663 3611 707 3663 cst
729 3625 795 3663 eum
819 3626 886 3664 cum
920 3611 1013 3665 ferula
1035 3617 1208 3683 percutere:
1243 3616 1275 3666 at
1298 3601 1391 3683 quia⁴
1412 3615 1487 3666 teste

437 3693 589 3768 Scriptura
621 3697 672 3768 qui
698 3695 813 3752 modica
839 3699 1003 3754 contemnit
1034 3699 1177 3770 paulatim
1209 3699 1330 3766 decidit,
1355 3700 1418 3771 ipse
1449 3698 1486 3754 de

436 3785 599 3841 venialibus
622 3803 674 3857 per
697 3787 903 3842 confessionem
931 3787 1036 3842 cotidie
1067 3805 1097 3843 se
1128 3788 1272 3860 purgavit.
1319 3789 1486 3859 instigante

436 3874 556 3930 taudem
579 3875 699 3947 antiqno
721 3875 814 3943 hoste,
838 3875 899 3930 filia
921 3875 1044 3947 hospitae
1065 3895 1126 3931 suae
1148 3895 1208 3932 non
1223 3878 1318 3932 solum
1342 3877 1435 3947 signis
1454 3881 1486 3931 et

436 3965 556 4020 nutibus
591 3962 641 4018 sed
674 3963 763 4019 ctiam
792 3963 889 4020 vorbis
911 3965 1028 4019 beatum
1052 3965 1239 4021 Edmnndum
1269 3983 1339 4021 ausa
1370 3969 1416 4019 est
1448 3965 1485 4020 ad

436 4053 541 4109 illioita
563 4057 744 4125 attemptare,
769 4071 822 4110 neo
845 4053 960 4108 destitit
981 4054 1072 4109 donec
1102 4055 1139 4109 ad
1162 4073 1306 4110 eameram
1327 4053 1405 4109 beati
1428 4053 1485 4109 viri

435 4143 556 4198 veniens
594 4142 753 4214 exspoliata
792 4143 1000 4214 flagellaretur,
1036 4147 1066 4199 et
1108 4144 1149 4200 sio
1183 4144 1330 4216 pruritum
1367 4159 1484 4198 omnem

434 4230 599 4302 deponeret.
646 4231 684 4286 Et
714 4249 781 4287 oum
803 4231 895 4288 hostis
918 4249 970 4303 per
999 4231 1127 4304 puellam
1158 4250 1216 4288 non
1247 4232 1408 4304 proficeret,
1431 4249 1484 4303 ag-

435 4319 567 4390 greditur
600 4319 787 4376 Edmundum
820 4339 873 4394 per
894 4325 1068 4388 matronam,
1092 4321 1176 4393 cujus
1209 4322 1382 4376 manuscula
1414 4319 1484 4375 dum

434 4407 498 4464 siae
526 4407 626 4466 mariti
656 4409 834 4467 conscientia
855 4409 982 4481 recipere
1004 4410 1155 4478 uoluisset,
1186 4410 1410 4466 verecundatam
1442 4409 1484 4465 sic

437 1473 508 1529 facit
546 1473 599 1529 deo
636 1474 796 1546 preelegit.
850 1475 887 1528 In
917 1473 1001 1543 cnjus
1038 1471 1155 1542 signnm
1187 1470 1280 1526 beatis
1314 1468 1424 1539 virgini
1456 1487 1487 1524 se

1803 2840 1804 2877 l

465 4649 520 4698 ¹nl
533 4650 653 4710 arbitror,
666 4650 745 4714 Higd.
1015 4652 1071 4702 ⁴at
1090 4652 1164 4721 qaia]
1192 4653 1259 4706 from
1281 4650 1376 4724 1113th
1401 4659 1484 4721 atquae,

465 4725 572 4790 ἰἰιηα]
593 4725 627 4786 id,
640 4726 716 4792 Higd.
983 4731 1038 4782 ns.

464 4805 474 4836 ³
491 4803 571 4877 tosta]
593 4806 675 4866 beata,
688 4805 764 4872 Higd.
