3625 5784
633 899 902 950 aarcssraauns
925 899 1138 952 cnuourcou.
1356 887 1421 950 359

360 1085 562 1154 Lowmeban
584 1088 669 1155 obiit
701 1090 855 1155 dominus
878 1089 1045 1155 Robertus
1061 1090 1102 1154 de
1124 1088 1234 1175 Bruys
1266 1089 1302 1152 in
1324 1109 1420 1156 coena

360 1185 504 1266 Domini,
529 1190 595 1274 qui,
618 1195 659 1255 ut
681 1190 831 1276 superius
847 1195 975 1256 tactum
991 1195 1049 1267 est,
1076 1189 1162 1254 circa
1182 1189 1417 1255 successionem

360 1289 455 1374 regni
478 1289 599 1356 Scotiss
622 1312 697 1357 cum
720 1291 874 1356 Johanne
896 1291 938 1354 de
961 1289 1095 1354 ΒειΙίοΙ1
1110 1311 1219 1356 coram
1247 1313 1325 1378 rege
1346 1290 1415 1355 An-
1431 1311 1557 1365 nmmos

358 1391 487 1476 glorum
527 1393 737 1479 disceptavit,
775 1398 810 1459 et
848 1392 998 1478 sepultus
1036 1398 1086 1458 est
1117 1394 1207 1479 apud
1242 1379 1526 1496 ῦγεῦοτιιθξξαᾞῒ

354 1492 456 1576 juxta
493 1498 623 1580 patrem
662 1515 767 1558 suum.
830 1493 955 1558 Eodem
993 1513 1083 1557 anno
1120 1490 1205 1558 obiit
1242 1493 1414 1559 Gilbertus
1513 1483 1520 1504 ’

357 1609 466 1660 comes
489 1595 702 1662 Gloucestrise
726 1596 785 1681 qui
807 1595 998 1660 Johannam
1018 1595 1121 1660 filiam
1142 1595 1299 1660 Edwardi
1326 1597 1413 1682 regis

358 1695 500 1763 duxerat
538 1719 696 1776 uxorem;
735 1703 770 1763 et
807 1719 947 1783 puerum
980 1697 1157 1783 parvulum
1195 1699 1411 1764 tenerrimum
1424 1717 1529 1767 simos

356 1798 493 1884 reliquit
529 1800 694 1866 haeredem
718 1801 759 1865 de
793 1800 956 1886 proedicto
992 1798 1149 1864 Johanna
1183 1805 1389 1885 procreatum
1403 1823 1411 1882 ;
1424 1781 1585 1901 ffflffifffl

356 1901 428 1986 ipsa
450 1902 607 1968 Johanna
630 1907 746 1968 contra
768 1903 977 1966 voluntatem
1001 1902 1108 1987 patris
1137 1901 1190 1966 sui
1212 1903 1300 1988 regis
1322 1924 1409 1968 acce-
1424 1921 1513 1972 cunr.

355 2003 407 2089 pit
444 2026 549 2069 unum
588 2005 772 2091 simplicem
810 2004 953 2068 militem
989 2004 1026 2068 in
1063 2003 1238 2090 conjugem
1275 2005 1411 2070 nomine

321 2137 325 2144 ·
355 2105 535 2171 Radulfum
562 2106 615 2170 ·de
653 2103 880 2184 Moutermer,²
903 2105 963 2190 qui
1003 2125 1061 2191 per
1105 2105 1337 2170 strenuitatem
1373 2113 1409 2171 et

355 2207 553 2273 industriam
584 2213 698 2294 postes
720 2207 830 2273 factus
853 2213 905 2272 est
922 2221 1049 2272 ‘comes
1080 2206 1302 2272 Gloucestriae.
1349 2207 1411 2272 Eo·

355 2308 429 2373 dem
463 2329 551 2374 anno
584 2309 620 2372 in
643 2308 896 2394 quadragesima
926 2307 1012 2372 obiit
1042 2305 1212 2372 Jolrannes
1239 2308 1410 2372 Romnum

354 2407 641 2496 archiepiscopus³
663 2410 886 2490 Eboracensis,
910 2431 931 2474 a
953 2408 1106 2474 Johanne
1130 2409 1279 2474 Romano
1305 2431 1409 2495 quon·
1426 2435 1527 2486 Andos

355 2512 432 2578 dam
475 2511 677 2578 Eboracensi
716 2511 920 2576 thesaurario
959 2516 993 2576 et
1030 2511 1173 2596 quadam
1212 2511 1409 2597 pedissequa
1420 2501 1554 2632 ἓξὲξ

353 2619 561 2700 procreatus3
593 2619 628 2680 et
659 2614 741 2679 bene
774 2614 945 2678 Romanus
980 2613 1058 2698 quia
1080 2634 1102 2676 a
1125 2612 1276 2676 Romano
1309 2618 1406 2699 patre
1421 2634 1500 2683 York.

352 2714 568 2800 cupiditatem
591 2715 774 2780 Romarm
798 2713 955 2779 extraxit.
991 2711 1133 2778 Etcum
1156 2733 1296 2797 magnus
1319 2719 1407 2779 esset

352 2815 524 2902 theologus
557 2821 591 2882 et
620 2815 719 2881 homo
743 2815 839 2880 valde
863 2814 1026 2892 literatus,
1048 2835 1117 2878 non
1143 2819 1256 2880 tamen
1291 2815 1407 2880 multae

352 2917 456 2983 literas
486 2919 543 2983 sed
573 2917 717 2983 avaritia
745 2917 893 2982 maxima
916 2937 993 2981 sum
1015 2915 1097 2982 feeit
1120 2917 1216 3002 quasi
1249 2917 1406 2984 insanire.

352 3018 471 3085 Sitivit
494 3019 582 3084 enim
604 3020 779 3106 pecuniam
802 3024 836 3084 et
862 3018 1094 3095 substantiam,
1117 3018 1206 3083 unde
1234 3018 1327 3103 justo
1349 3019 1404 3084 dei

348 3121 474 3206 judicio
497 3123 637 3208 contigit
659 3126 699 3186 ut
722 3121 780 3206 qui
802 3121 1012 3185 subditorum
1034 3120 1121 3184 bona
1142 3126 1177 3186 et
1192 3121 1406 3186 'maximeeb

351 3223 520 3288 intestatis
542 3224 661 3300 sitiret,
676 3222 789 3287 subita
811 3223 906 3307 quasi
929 3226 1036 3285 morte
1059 3225 1252 3307 praeventus
1274 3221 1404 3285 nullum
1419 3226 1562 3291 munem

351 3325 406 3390 vel
437 3326 599 3391 modicum
631 3347 674 3390 ex
712 3329 917 3388 testamento
954 3324 1088 3409 proprio
1125 3329 1321 3390 consecutus
1354 3293 1580 3414 estgfflffih

351 3429 618 3494 emolumentum.
665 3427 867 3492 Executores
905 3426 995 3491 enim
1025 3425 1077 3490 sui
1111 3447 1146 3490 se
1179 3426 1404 3494 intromittere
1417 3424 1515 3492 bishop.

350 3530 537 3607 noluerunt,
574 3529 624 3594 its
661 3528 750 3614 quod
784 3549 851 3592 non
883 3528 1015 3613 proprio
1057 3528 1114 3593 sed
1147 3527 1260 3614 potius
1297 3528 1405 3595 alieno
1501 3563 1504 3568 ·

350 3630 476 3697 fiebant
513 3651 665 3717 expensae
700 3630 863 3708 itinerum,
901 3633 937 3693 et
975 3629 1012 3692 in
1049 3629 1184 3695 ecclesia
1232 3651 1293 3694 sua
1330 3636 1405 3697 cum

351 3733 474 3799 honore
509 3733 651 3818 simplici
689 3732 853 3818 repositus
886 3737 948 3807 est,
986 3751 1054 3796 non
1092 3731 1180 3796 enim
1217 3733 1313 3817 panis
1350 3733 1406 3798 vel

352 3833 467 3899 obolus
489 3855 549 3920 pro
591 3833 704 3898 anima
745 3833 850 3918 ipsius
883 3831 1033 3897 dabatur.
1079 3831 1315 3898 visitationem
1348 3833 1403 3899 hic

351 3934 493 4000 eoclesiae
515 3934 771 3999 Dunelmensis⁴
796 3954 895 4018 quem
918 3932 1136 4018 praedecessor
1158 3953 1238 3997 suus
1264 3935 1341 4018 jure
1366 3940 1402 3999 et
1452 3967 1457 3975 ·

346 4037 579 4123 jurisdictione
603 4036 818 4102 Eboracensis
841 4034 984 4101 eeclesiae
1005 4036 1249 4112 vendicaverat,
1271 4041 1406 4122 accepta

350 4143 390 4203 ut
412 4138 585 4205 dicebatur
608 4139 756 4225 pecunia,
779 4137 920 4205 dormire
943 4134 1126 4200 sustinuit.¹⁵
1170 4133 1403 4200 Obedientiam

383 4413 529 4478 ¹Balycll,
540 4414 595 4463 MS.
901 4409 960 4460 MS.
990 4424 1048 4473 says
1085 4408 1179 4457 stum
1212 4406 1276 4456 tona
1299 4407 1405 4458 intesta·

382 4495 392 4527 ²
410 4495 558 4556 Manum,
569 4495 643 4544 MSS.
901 4494 982 4539 torum
995 4502 1089 4552 pamm
1106 4484 1262 4536 emolumenti
1274 4501 1306 4534 ec
1325 4491 1405 4536 testu·

380 4573 392 4605 ³
408 4570 851 4640 OnbcthmarginshereisAncrus
900 4575 983 4617 mento
993 4564 1163 4628 conseritur.

348 4652 566 4717 Aretiepiseopus
602 4649 772 4700 Ebcruceusis
800 4647 849 4698 ,Ιο-
934 4641 1144 4694 *bonomensis
1172 4642 1198 4692 in
1226 4645 1269 4701 A,
1297 4657 1325 4692 ss
1352 4642 1404 4693 fre·

348 4731 445 4782 tannes
460 4729 599 4793 Romanus,
610 4730 660 4778 aud
680 4743 697 4778 a
714 4735 774 4778 note
796 4725 823 4776 in
834 4743 851 4776 a
900 4724 1015 4790 quently.

348 4811 411 4860 later
434 4809 504 4859 hand
526 4823 560 4858 on
579 4808 624 4860 the
647 4815 692 4872 top
712 4805 809 4874 margin
822 4805 851 4857 oi
934 4802 1091 4866 ‘monuit
1102 4803 1151 4863 A.;
1169 4800 1310 4860 constituit,
1321 4801 1378 4853 MS.
