3625 5784
394 823 438 887 70
745 838 890 886 ussurus
916 837 1097 886 cursuros

396 1035 416 1058 “
438 1035 567 1091 ecclesius
601 1037 671 1088 suut
704 1033 787 1106 qussi
821 1030 886 1103 ejus
924 1035 1030 1102 portes.
1092 1029 1178 1086 Sicut
1208 1028 1289 1086 onitu
1324 1028 1451 1101 quodem

396 1125 415 1148 “
441 1123 550 1179 iutuitu
582 1124 669 1178 homo
702 1127 747 1178 est
778 1139 871 1193 genus
897 1137 1017 1176 suorum
1042 1119 1274 1186 individuorum,
1297 1123 1328 1172 et
1351 1123 1450 1174 tumen

396 1202 471 1268 “'in
505 1229 680 1285 unoquoque
703 1209 856 1266 individuo
887 1209 967 1265 inest
999 1209 1091 1266 totius
1123 1207 1251 1264 hominis
1285 1212 1348 1263 totu
1382 1225 1448 1280 pro-

396 1302 416 1326 “
440 1301 568 1375 prietes:
599 1301 642 1356 its
664 1300 790 1372 quodem
812 1303 948 1371 respectu
972 1299 1054 1355 sedes
1078 1298 1212 1354 Romsus
1233 1301 1279 1353 est
1301 1313 1395 1368 genus
1417 1303 1449 1352 et

397 1390 415 1414 ‘⁶
439 1396 536 1447 totum
565 1394 697 1462 respectu
730 1388 928 1454 eeclesiarum,
952 1393 982 1442 et
1016 1393 1115 1443 tumen
1138 1387 1169 1441 iu
1197 1403 1370 1458 uusquequo
1400 1404 1447 1441 eo-

396 1481 416 1506 “
440 1481 528 1536 clesis
561 1479 653 1536 totius
676 1477 852 1536 Christisuae
874 1475 944 1532 fidei
966 1482 1029 1532 tots
1050 1481 1156 1546 regnet
1178 1475 1341 1546 integritus
1388 1475 1447 1531 Ro-

397 1570 415 1594 “
439 1587 528 1624 ursus
548 1567 670 1625 ecclesis
692 1566 786 1638 maior
808 1573 853 1622 est
875 1565 1008 1621 omnium
1040 1565 1238 1631 ecolesimm,
1262 1569 1293 1620 et
1316 1564 1393 1635 quod
1415 1563 1447 1620 in

359 1711 363 1720 .
396 1658 416 1683 “
440 1677 475 1714 es
505 1659 585 1714 velet
617 1656 714 1713 velere
746 1655 832 1712 debet
862 1655 894 1709 iu
928 1653 1098 1720 minoribus,
1122 1660 1157 1709 ut
1185 1657 1312 1726 potestus
1343 1654 1446 1726 primus

396 1747 416 1772 “
441 1746 649 1818 cujuscumque
664 1746 793 1802 ecclesiis
816 1745 848 1799 in
871 1744 1058 1800 succedentes
1073 1743 1238 1809 demoneet,
1254 1743 1312 1798 nisi
1327 1742 1353 1798 si
1376 1742 1447 1815 quid

397 1837 416 1861 “
440 1836 631 1908 personaliter
646 1840 676 1891 et
690 1834 866 1890 nominetim
881 1833 1052 1906 excipiatur.
1098 1833 1192 1903 Quare
1215 1833 1292 1888 siout
1314 1831 1447 1888 Christus

396 1925 415 1950 ‘⁸
440 1925 516 1981 dixit
537 1924 672 1980 omuibus
693 1923 867 1996 presulibus
891 1922 1033 1978 Romsuis
1055 1921 1133 1994 quod
1167 1921 1243 1977 dixit
1265 1921 1368 1977 Petro:
1403 1921 1446 1976 its

396 2014 517 2070 “dixit
548 2013 706 2085 Gregorius
743 2012 879 2068 omnibus
916 2010 1078 2082 Augustini
1116 2011 1329 2067 successoribus
1367 2010 1444 2082 quod

396 2103 416 2128 ‘⁶
440 2103 609 2175 Augustino
639 2102 762 2158 dixerut.
807 2102 887 2158 Hinc
910 2099 1066 2172 conjicitur
1088 2100 1166 2172 quod
1189 2099 1266 2156 siout
1288 2099 1447 2156 Osutusris

396 2193 416 2217 “
441 2192 584 2248 subicitur
619 2193 720 2248 Βοιιιω
751 2209 786 2246 eo
817 2189 895 2262 quod
927 2209 961 2245 ex
993 2208 1027 2246 eu
1061 2189 1219 2262 susceperit
1252 2189 1359 2244 fidem:
1404 2189 1447 2244 its

396 2282 416 2306 “
441 2281 604 2338 scorteum
636 2280 796 2336 subiciatur
832 2279 1000 2336 Ouutuuriss
1032 2296 1098 2350 quse
1133 2277 1204 2334 illuc
1241 2277 1447 2350 praediostores

397 2374 416 2397 ‘⁶
440 2371 529 2427 misit.
590 2371 659 2426 Jsm
691 2387 759 2425 veru
791 2369 868 2440 qnod
898 2369 1008 2440 alleges
1040 2367 1214 2438 Gregorium
1249 2367 1374 2422 voluisse
1413 2371 1447 2422 ut

396 2461 416 2485 ‘⁴
440 2460 626 2531 Augustinus
640 2457 780 2514 resideret
794 2456 965 2523 bondonis,
981 2457 1104 2513 fluctuet
1118 2457 1213 2530 plsne.
1259 2455 1330 2526 Quis
1345 2445 1445 2512 enim¹

396 2550 415 2574 ‘⁶
440 2549 541 2606 orsdst
560 2553 676 2604 tuntum
699 2548 875 2620 discipulum
905 2546 981 2602 tenti
1015 2546 1149 2618 mugistri
1181 2546 1321 2602 resultsre
1342 2546 1445 2601 voluu-

397 2640 416 2663 “
442 2638 496 2694 tuti
518 2637 618 2710 ireque
641 2639 673 2692 iu
702 2637 849 2710 repulsum
871 2637 1079 2692 decretorum?
1126 2636 1183 2692 Sed
1205 2641 1267 2692 esto
1290 2635 1367 2706 quod
1391 2633 1446 2690 iste

397 2729 415 2752 “
441 2725 624 2800 Augustinus
655 2731 742 2799 prout
773 2726 846 2782 dicis
877 2727 1028 2797 migraret,
1052 2725 1122 2796 quid
1154 2724 1191 2780 ed
1223 2742 1269 2780 me
1293 2723 1344 2796 qui
1368 2723 1445 2779 Lou-

397 2818 416 2842 “
441 2816 589 2872 deniensis
622 2834 682 2871 uon
714 2817 804 2872 sumt
859 2816 903 2871 Eis
933 2815 970 2870 de
1001 2831 1033 2869 re
1064 2814 1089 2868 si
1121 2813 1173 2870 lite
1196 2817 1353 2885 conquestu
1374 2831 1445 2884 psoe

397 2907 415 2931 “
440 2906 537 2962 medis
567 2904 719 2978 negotium
741 2904 877 2962 ventilari
908 2903 1060 2971 desideres,
1083 2921 1136 2974 pro
1166 2903 1225 2958 mei
1252 2901 1329 2973 juris
1352 2901 1444 2958 officio

395 2996 414 3021 ‘⁶
438 3013 498 3051 nou
521 2996 607 3052 deero
625 2993 767 3066 judicio.”
814 2991 974 3050 Succubuit
999 2991 1059 3047 hiis
1081 2991 1244 3068 rationibus
1266 2991 1391 3046 Thomas
1415 2997 1445 3047 et

394 3083 519 3142 libenter
552 3083 696 3140 ooncessit
725 3090 760 3139 ut
793 3083 915 3138 ulterior
944 3083 1010 3154 ripe
1039 3080 1192 3137 Humbriae
1216 3079 1346 3136 fluminis
1368 3087 1444 3136 esset

394 3174 571 3247 principium
605 3191 666 3229 sure
699 3171 830 3228 diocesis.
876 3172 1032 3227 Decretum
1063 3175 1108 3225 est
1131 3175 1164 3226 ut
1187 3169 1375 3225 Eboruoensis
1407 3169 1443 3224 de

393 3268 499 3320 cetero
522 3263 554 3316 iu
576 3260 633 3317 hiis
656 3280 721 3333 quoe
743 3261 781 3316 sd
803 3259 981 3316 catholicum
997 3259 1109 3315 uultum
1132 3259 1281 3331 pertinent
1296 3255 1444 3328 subjuoeut

393 3351 604 3408 Osutusriensi.
659 3352 708 3406 Its
738 3354 773 3405 ut
805 3349 831 3404 si
865 3349 1085 3405 Oentnsriensis
1115 3347 1282 3420 ubicunque
1314 3348 1443 3403 locorum

392 3439 424 3494 in
447 3439 558 3511 singlis
588 3439 745 3494 concilium
779 3455 881 3510 cogere
912 3439 1049 3504 voluerit.
1074 3438 1262 3494 Eborsoensis
1292 3437 1444 3511 episcopus

392 3545 459 3584 oum
491 3527 629 3598 subjectis
662 3526 719 3582 sibi
752 3527 895 3601 episcopis
926 3527 1030 3593 ederit,
1054 3535 1084 3583 et
1111 3527 1258 3583 csnoniois
1280 3527 1343 3598 ejus
1366 3545 1443 3600 prae·

222 3638 368 3704 'rwymop
391 3617 484 3689 ceptis
515 3616 652 3673 obediens
685 3616 750 3672 erit.
805 3617 938 3673 Obeunte
959 3623 1057 3674 eutem
1081 3615 1283 3674 Csutnuriensi
1306 3615 1442 3687 primste,

222 3711 297 3758 2³50.

392 3705 581 3762 Eborsosusis
619 3705 828 3762 Doroberuium
858 3701 966 3762 reniet'
995 3711 1026 3762 et
1062 3705 1187 3761 electum
1225 3721 1292 3760 cum
1329 3704 1443 3760 ooeteris

392 3795 522 3867 prrefstss
551 3793 681 3850 ecclesise
712 3794 855 3868 episcopis
877 3794 909 3850 in
933 3793 1087 3868 primatem
1117 3793 1305 3850 consecrabit.
1359 3793 1443 3863 Quod

390 3884 416 3939 si
439 3882 627 3940 Eborsceusis
649 3882 764 3951 obierit,
787 3901 933 3940 successor
965 3881 1029 3954 ejus
1060 3882 1098 3938 sd
1130 3882 1369 3939 Osutusrieusem
1391 3900 1439 3938 so·

390 3973 474 4030 oedet
494 3973 541 4028 vel
563 3972 728 4045 ubieunque
752 3973 783 4028 in
805 3973 915 4045 Angliu
942 3971 1145 4030 Ountusriensi
1167 3971 1264 4028 visum
1287 3971 1386 4037 fuerit,
1410 3977 1441 4027 et

390 4062 603 4118 ordinationem
625 4062 663 4117 sb
684 4081 719 4118 eo
741 4062 888 4135 suscipiet,
914 4063 1022 4118 faciens
1054 4061 1254 4134 juramentum
1281 4078 1349 4116 cum
1372 4078 1438 4133 pro-

389 4153 513 4208 fessione
535 4151 571 4206 de
593 4150 765 4209 obedientis
812 4152 927 4207 Emicat
961 4151 1053 4222 igitur
1085 4151 1266 4206 Lsufruncns
1300 4149 1438 4222 tripudio.

387 4241 464 4297 Acts
495 4241 609 4312 excepit
639 4240 748 4312 scripto
770 4259 809 4296 ue
831 4241 857 4296 si
879 4241 1045 4296 iuberentur
1076 4239 1206 4295 recentis
1229 4237 1337 4312 posteri
1359 4239 1440 4294 freu-

387 4330 526 4386 dsreutur
557 4328 671 4386 uetitis
727 4330 858 4386 Modesto
889 4334 999 4392 tumen,
1023 4333 1058 4383 ut
1090 4345 1143 4384 uec
1174 4328 1292 4384 sciendo
1314 4333 1439 4400 prseter-

387 4419 528 4486 mitteret,
563 4437 617 4476 uec
655 4419 778 4476 dicendo
814 4417 954 4484 efflueret,
989 4416 1058 4488 quie
1096 4415 1127 4471 in
1165 4417 1297 4490 proprias
1337 4417 1437 4472 leudes

419 4659 512 4708 1οιιὲιιι
522 4659 619 4708 πᾶσι.
654 4657 767 4709 Omitted
783 4655 1017 4716 iuMS.,butwith
1035 4673 1051 4706 ιι
1071 4671 1145 4725 specs
1166 4656 1220 4708 leb.
1256 4657 1288 4714 Iu
1301 4657 1334 4710 Δ.
1351 4661 1440 4715 eredat

385 4738 407 4790 is
419 4737 520 4795 written
531 4738 612 4787 shore
623 4736 665 4786 the
677 4734 734 4796 lius,
