3625 5784
401 861 442 928 46
751 875 896 923 nssslcr
922 872 1104 922 Karonion

400 1074 570 1132 retractavit
591 1049 717 1132 errorem
740 1093 836 1141 sunm,
860 1073 936 1131 siout
958 1073 1094 1129 innuitur
1116 1073 1149 1128 in
1170 1070 1295 1129 decretis
1322 1069 1358 1127 de
1380 1085 1451 1125 oon·

400 1165 570 1232 secretione,
609 1165 797 1222 distinetione
831 1163 862 1237 ij.
923 1165 987 1235 Ilgo
1025 1161 1228 1234 Berengarius.
1290 1160 1349 1217 Sed
1383 1161 1450 1230 poet

399 1259 523 1311 mortem
557 1251 621 1324 ejus
650 1254 848 1329 repullulante
879 1252 944 1325 ejus
977 1253 1083 1309 heresi
1115 1249 1334 1307 Hildebrandus
1371 1266 1448 1321 papa

398 1349 499 1400 eontra
521 1361 657 1416 sequaoes
680 1344 892 1401 determinavit.
949 1341 1021 1414 Ejus
1053 1341 1200 1398 erroribus
1234 1339 1447 1412 responderunt

397 1433 577 1488 Lanlrenene
604 1435 757 1489 Beueensis
795 1433 875 1505 prior
907 1433 940 1487 in
973 1431 1048 1486 libro
1082 1429 1295 1496 Scintillamm,
1329 1434 1361 1484 et
1395 1445 1445 1500 po·

396 1521 507 1578 tissime
529 1522 715 1595 Wyrnundus
737 1522 788 1595 qui
810 1521 891 1594 prius
918 1519 976 1576 fuit
998 1520 1188 1576 Normanniae
1221 1520 1382 1575 moneehus
1413 1522 1445 1573 et

394 1612 580 1683 postmodnm
613 1612 764 1684 episeopus
798 1611 966 1666 Aversanus
997 1610 1031 1665 in
1056 1608 1167 1680 Apulia
1197 1613 1270 1665 tuno
1302 1607 1443 1680 temporis

394 1700 656 1772 eloquentissimus.
702 1702 740 1756 In
773 1705 889 1756 tantum
921 1703 1018 1754 autem
1051 1697 1102 1754 ille
1124 1696 1320 1769 Berengerius
1342 1697 1441 1753 subse·

395 1795 501 1862 quente
524 1795 610 1846 aetate
633 1808 664 1846 se
686 1791 811 1846 correxit
835 1794 871 1844 ut
897 1794 1015 1844 muetos
1041 1805 1060 1843 a
1083 1787 1256 1858 quibusdem
1280 1791 1442 1858 reputetur,

393 1883 496 1951 utpote
518 1879 569 1951 qui
591 1880 801 1953 Apoealypsim
824 1877 1002 1950 exposuerit,
1027 1876 1079 1950 qni
1111 1874 1277 1932 humilitati
1308 1881 1340 1932 et
1369 1875 1443 1932 elee·

394 1967 523 2042 mosynis
545 1968 711 2035 indulserit,
746 1968 798 2042 qni
835 1967 994 2026 femineum
1028 1971 1178 2039 aspectum
1209 1966 1358 2032 vitaverit,
1392 1964 1444 2037 qui

395 2057 521 2130 simplici
559 2059 641 2114 victu
677 2062 709 2114 et
744 2057 853 2114 vestitu
890 2057 1050 2113 seeundum
1088 2056 1251 2128 apostolum
1289 2059 1444 2111 contentus

394 2147 491 2204 luerit.
550 2148 590 2202 Et
623 2165 708 2220 quem
741 2147 932 2203 Hildebertus
963 2146 1189 2203 Cenomanensis
1226 2143 1379 2218 episeopus
1411 2145 1444 2199 in

395 2235 456 2292 suis
477 2236 610 2294 versibus
633 2255 746 2293 summe
768 2235 1027 2303 commendaverit,
1051 2235 1095 2292 sio
1116 2236 1227 2301 dioens,

484 2401 576 2472 Quem
598 2401 685 2458 modo
706 2401 831 2458 miratur
852 2418 966 2475 semper
987 2399 1143 2456 mirabitur
1165 2400 1255 2468 orbis,

528 2492 584 2548 Ille
607 2491 802 2564 Berengsrius
822 2509 882 2548 non
907 2491 1041 2547 obiturus
1062 2489 1133 2546 obit.

438 2681 478 2737 Et
500 2679 578 2738 inter
600 2682 664 2738 baec
686 2679 978 2738 animadvertendum
1000 2686 1054 2747 est,
1079 2679 1156 2752 quod
1179 2679 1313 2752 quamvis
1335 2681 1441 2737 Beren-

395 2771 494 2842 garius
517 2771 568 2826 illa
591 2771 766 2827 sententiam
789 2789 869 2826 suem
904 2771 1039 2838 correxit,
1062 2775 1162 2826 tamen
1185 2788 1285 2826 omnes
1316 2788 1389 2842 quos
1410 2771 1443 2824 in

395 2861 516 2918 diversis
539 2859 625 2916 terris
660 2860 794 2917 doetrinu
825 2879 877 2916 sus
910 2859 1013 2915 infecit
1047 2864 1215 2916 convertere
1245 2877 1305 2915 non
1336 2859 1441 2932 potnit.

395 2949 465 3006 Tale
488 2949 648 3022 igiturest
677 2950 790 3023 aliquos
812 2949 901 3005 verbo
924 2948 972 3005 vel
994 2949 1126 3021 exemplo
1149 2966 1333 3020 eorrumpere
1364 2948 1442 3020 quod

395 3056 463 3095 cum
508 3057 594 3095 suum
638 3044 790 3111 peecatum
829 3037 956 3094 deletum
995 3037 1085 3094 suerit
1122 3037 1257 3109 gravabit
1303 3037 1440 3092 alienum.

396 3128 480 3197 Quod
503 3129 620 3200 quidem
644 3128 818 3184 venerabilis
840 3126 997 3182 Fulbertus
1020 3126 1206 3183 carnotensis
1236 3127 1387 3198 episeopus
1409 3127 1442 3181 iu

392 3216 530 3273 extremis
561 3216 695 3272 laborans
728 3215 895 3289 praedixisse
918 3215 1064 3271 ferebatur
1096 3234 1164 3272 oum
1185 3216 1298 3272 videret
1330 3215 1441 3271 Beren-

392 3306 507 3378 geriem
530 3304 607 3362 inter
628 3311 748 3361 eeteros
770 3305 807 3360 ad
822 3303 1003 3360 visitandum
1026 3305 1205 3372 venientem,
1230 3307 1249 3331 ‘¹
1265 3295 1439 3377 Expellite,”

392 3394 499 3467 inquit,
525 3395 632 3461 “eum‚
656 3413 726 3450 nam
747 3393 833 3450 video
866 3394 1031 3450 daemonem
1055 3393 1141 3450 illum
1174 3395 1256 3466 sequi
1289 3395 1340 3467 qui
1371 3412 1439 3450 esra

393 3483 410 3509 “
435 3473 622 3555 eorrumpit.”
658 3482 825 3552 Quinetiam
840 3483 1037 3553 Berengarius
1053 3483 1101 3538 die
1116 3483 1292 3556 Epiphaniae
1308 3483 1439 3540 moriens

392 3572 559 3628 reeordatus
592 3576 636 3628 est
658 3575 731 3642 quot
764 3572 884 3627 miseros
907 3572 959 3626 ille
993 3572 1160 3628 adoleseens
1195 3591 1248 3628 sua
1269 3578 1348 3629 seeta
1378 3591 1440 3629 eor·

390 3662 480 3734 rupit.
527 3650 680 3727 “Hodie''
704 3659 811 3733 inquit,
836 3661 900 3716 “nt
922 3678 1015 3732 spero,
1038 3661 1190 3734 apparebit
1209 3662 1285 3716 mihi
1307 3661 1441 3718 Christus

393 3752 412 3777 “
438 3751 469 3806 in
492 3751 539 3806 die
570 3748 761 3822 apparitionis
792 3767 863 3817 sues,
886 3750 934 3805 vel
965 3755 1085 3822 propter
1118 3750 1323 3822 poenitentiam
1345 3769 1441 3808 meam

393 3841 412 3867 “
436 3840 475 3896 ad
497 3838 632 3911 gloriam,
655 3838 704 3895 vel
725 3843 843 3912 propter
866 3839 939 3895 alios
961 3857 1033 3912 quos
1055 3841 1148 3897 everti
1169 3839 1208 3895 ed
1229 3832 1374 3912 poemm‚”

438 3929 555 3987 Mortuo
578 3917 714 4001 Kynsio¹
737 3928 911 3986 Eboraeensi
941 3929 1155 4001 arehiepisoopo
1177 3930 1316 3986 sneeessit
1337 3930 1441 3987 Aldre·

394 4019 449 4074 dus
471 4017 678 4093 Wygornensis
700 4017 859 4090 episeopus.
905 4017 1051 4088 Quicum
1081 4019 1181 4075 'I'oetio
1203 4020 1310 4076 eomite
1331 4020 1441 4076 North·

394 4108 542 4164 umbrensi
564 4124 618 4180 pro
640 4107 730 4180 pallio
752 4107 885 4164 habende
908 4108 1032 4164 Romam
1064 4108 1140 4165 ivit:
1173 4108 1224 4182 qui
1255 4114 1387 4182 repertus
1408 4109 1441 4163 in

394 4215 446 4254 sua
467 4195 652 4270 responsione
684 4197 836 4270 culpabilis
871 4196 953 4254 omui
986 4199 1096 4255 honore
1128 4199 1261 4270 privatus
1293 4204 1355 4265 est;
1389 4197 1441 4254 sed

394 4287 513 4344 demum
534 4286 657 4344 tendens
678 4285 814 4343 omnibus
835 4287 921 4344 rebus
935 4286 995 4342 suis
1010 4287 1150 4360 spoliatus
1164 4293 1217 4344 est
1263 4286 1443 4361 Quapropter

393 4375 457 4448 ipso
480 4377 602 4434 Romam
637 4395 767 4448 regresso
791 4375 907 4432 Tostius
942 4392 1039 4432 eomes
1070 4375 1132 4432 suis
1155 4376 1378 4447 allegutionibus
1399 4377 1442 4433 ita

393 4483 498 4538 papam
513 4465 627 4523 inflexit
641 4471 676 4521 ut
691 4465 971 4539 arehiepiseopstnm
986 4465 1115 4522 Aldredo
1131 4467 1282 4523 eonfmret.
1324 4466 1444 4522 Assue-

393 4555 443 4612 bat
472 4574 578 4628 nempe
600 4554 726 4622 Tastina,
750 4572 853 4627 parum
875 4554 1062 4612 metuendam
1085 4553 1253 4629 longinquis
1274 4555 1444 4613 nationibus

692 4799 699 4829 ¹
718 4797 829 4863 Kyrtio,
846 4797 924 4866 Higd.
937 4819 944 4858 ;
962 4797 1072 4864 Knysio,
1084 4799 1140 4852 ΜΒ.
1153 4801 1204 4851 edd
1215 4801 1249 4852 A.
