3625 5784
415 911 457 974 52
748 927 894 978 summm
918 927 1103 978 nummos

413 1123 578 1190 defendere,
601 1123 753 1196 religiosos
786 1125 891 1191 colere,
926 1131 1153 1196 trunsgreaaoma
1187 1124 1302 1196 punire.
1336 1123 1463 1197 patriam

413 1214 499 1270 tueri.
546 1213 649 1270 Sedet
670 1214 733 1285 ejus
756 1213 923 1286 principatu
945 1213 1046 1270 audito
1062 1212 1179 1270 Toatiua
1201 1214 1292 1269 frater
1314 1210 1379 1285 ejus
1395 1231 1463 1272 oum

415 1301 453 1357 lx.
475 1303 600 1360 navibus
621 1303 658 1360 de
681 1303 819 1360 Fluuduia
851 1303 967 1359 rediens
989 1304 1113 1360 Vectem
1145 1301 1273 1360 insulam
1307 1301 1463 1376 stipendiis

414 1397 444 1446 et
466 1391 586 1450 tributis
608 1393 755 1460 multavit,
779 1392 857 1448 eirea
878 1393 959 1466 ripae
979 1392 1093 1450 Cantica
1116 1391 1231 1464 predas
1250 1391 1389 1461 exercuit,
1412 1392 1464 1448 sed

414 1479 485 1536 dum
508 1483 607 1540 fratris
630 1481 676 1538 sui
699 1482 822 1538 Hemldi
852 1488 1025 1555 apparatum
1054 1481 1173 1538 timeret
1195 1480 1391 1555 Lyudeaeiam
1413 1499 1466 1554 per

413 1588 493 1628 mare
516 1571 600 1638 adiit,
623 1571 675 1627 ubi
697 1571 799 1626 villam
822 1570 963 1638 incendit,
987 1577 1105 1643 gentem
1135 1570 1274 1637 trucidat,
1298 1571 1391 1628 donec
1412 1587 1466 1643 per

414 1659 502 1717 duces
524 1659 700 1716 Merciorum
722 1667 752 1717 et
767 1661 1043 1727 Nerthumbrorum‚
1059 1659 1225 1732 Edwynum
1246 1666 1277 1717 et
1291 1659 1468 1727 Moroarum,

415 1755 549 1805 extrusus
571 1749 762 1806 Maloolmum
783 1767 882 1822 regem
915 1751 1069 1806 Scotorum
1098 1749 1203 1815 adiret,
1226 1767 1295 1806 cum
1325 1768 1384 1822 quo
1414 1767 1468 1822 per

415 1843 508 1894 totam
531 1845 661 1895 aestatem
684 1839 858 1895 morabatur.
905 1840 1023 1896 Interea
1043 1857 1094 1895 rex
1113 1839 1337 1910 Noreganorum
1359 1839 1466 1895 Herai-

415 1927 470 1983 dus
496 1919 632 1999 Harieg¹
656 1929 746 1984 frater
767 1927 860 1984 sancti
895 1927 981 1985 Oiavi
1003 1946 1070 1984 cum
1103 1929 1244 1984 trecentis
1277 1927 1401 1984 naribus
1434 1927 1467 1982 iu

416 2017 491 2072 ostio
514 2018 605 2090 Tynm
628 2016 758 2073 fluminis
781 2017 935 2090 applicuit,
959 2017 998 2074 ad
1019 2036 1106 2090 quem
1137 2017 1254 2073 Tostiua
1276 2019 1354 2074 siout
1384 2015 1467 2089 priua

416 2105 593 2163 conduxerat
615 2124 683 2162 oum
706 2124 758 2162 sua
780 2107 870 2162 elaeae
893 2105 1020 2162 advenit.
1067 2105 1151 2176 Quod
1173 2112 1209 2162 ut
1237 2107 1302 2178 regi
1336 2106 1467 2163 Har-eido

417 2195 556 2262 innotuit,
573 2195 787 2269 expeditionem
810 2196 883 2252 illuc
905 2196 1007 2265 morit,
1030 2195 1081 2251 aed
1103 2196 1274 2268 priusquem
1297 2197 1348 2252 ilie
1380 2195 1465 2252 adve-

415 2285 515 2350 nisset,
539 2285 597 2340 duo
620 2285 752 2357 germem
775 2285 896 2341 comites
926 2284 1061 2357 predicti
1088 2285 1236 2358 Edwynua
1257 2291 1288 2342 et
1317 2285 1467 2340 Morcarua

415 2374 548 2445 quamvis
570 2374 654 2431 valde
677 2374 749 2430 dure
771 2374 967 2432 decertassent
989 2375 1021 2432 in
1043 2375 1101 2431 flue
1123 2380 1223 2431 tamen
1243 2381 1313 2430 aunt
1334 2375 1465 2441 contriti,

414 2462 492 2518 datis
514 2463 651 2536 utrinque
673 2463 820 2520 obsidibus
843 2469 961 2520 centum
992 2463 1213 2536 quinquegintu
1261 2463 1370 2534 Quinto
1400 2469 1467 2536 post

415 2552 478 2608 hmo
511 2553 559 2609 die
592 2569 643 2608 rex
680 2553 827 2609 Hareldus
860 2553 940 2626 epud
978 2553 1222 2624 Steuaiortbrugg
1259 2553 1466 2626 superveniens

414 2659 513 2713 regem
547 2643 730 2714 Norigeuum
764 2647 795 2699 et
826 2643 959 2698 Tostium
997 2643 1147 2716 proprium
1179 2644 1299 2699 fiunem
1332 2641 1466 2714 quumvis

413 2731 554 2787 acerrimo
576 2737 651 2788 esset
673 2737 869 2804 repugnatum
893 2733 926 2787 in
948 2750 998 2788 ore
1021 2731 1114 2803 gladii
1137 2731 1294 2788 interiecit.
1339 2730 1464 2788 Olarum

414 2827 511 2877 tamen
539 2821 633 2876 filium
664 2821 743 2892 regis
774 2821 921 2894 Norigani
954 2828 985 2878 et
1022 2821 1146 2878 Paulum
1180 2821 1283 2877 ducem
1318 2821 1464 2877 Orcudum

412 2910 539 2982 acceptis
562 2909 711 2968 obsidibus
733 2916 764 2967 et
783 2911 960 2983 juramentis
986 2910 1024 2966 ed
1046 2909 1172 2984 petriam
1194 2909 1289 2967 redire
1321 2911 1462 2982 permisit.

412 2999 459 3053 lbi
482 3005 579 3055 tamen
602 3019 678 3056 unua
701 3001 874 3072 Noreganua
896 3006 1037 3074 perpetue
1059 3001 1137 3056 tama
1158 2999 1266 3071 dignus
1281 3001 1360 3057 aolus
1382 3005 1463 3056 stans

412 3089 441 3142 in
466 3097 553 3160 ponte
577 3089 613 3145 de
636 3091 881 3161 Stenesortbrugg
903 3090 1002 3162 plures
1024 3108 1112 3162 quam
1134 3091 1173 3145 xi
1196 3089 1268 3144 viria
1288 3089 1395 3160 Anglis
1410 3107 1462 3145 sua

410 3179 504 3233 securi
528 3179 701 3244 intersectis,
725 3197 816 3251 usque
839 3179 876 3234 ad
898 3179 1000 3234 boram
1031 3179 1090 3235 diei
1119 3196 1229 3234 nonam
1251 3185 1346 3234 totum
1381 3197 1460 3234 exer·

410 3265 502 3321 eitum
533 3267 696 3338 Anglornm
728 3268 899 3334 retardarit,
924 3268 1017 3324 donec
1048 3285 1125 3324 unua
1146 3267 1264 3339 Anglus
1294 3268 1460 3324 naviculam

411 3353 559 3425 ingressus
582 3355 679 3428 ipsum
701 3347 867 3412 Noricum²
890 3375 942 3429 per
969 3357 1114 3413 foramina
1136 3357 1235 3429 pontis
1260 3357 1361 3412 lancee
1392 3375 1457 3430 per·

409 3445 536 3501 fodisset.
584 3447 623 3500 Et
644 3463 680 3501 ex
703 3446 757 3502 boc
779 3455 887 3502 eventu
902 3446 1050 3502 Humidus
1064 3445 1192 3502 multum
1214 3445 1308 3502 elatus
1329 3447 1458 3518 praedam
1471 3439 1617 3503 T'5⁸·00¹·

410 3533 517 3589 ibidem
541 3541 724 3590 consecutam
747 3553 815 3592 cum
837 3535 1085 3591 commilitonibus
1112 3535 1173 3590 auis
1195 3535 1325 3590 dividere
1355 3535 1457 3608 dedig·
1470 3509 1546 3556 Μ’

408 3623 542 3690 uebatur,
567 3623 682 3696 quade
705 3642 791 3680 causa
814 3625 902 3680 multi
926 3625 961 3680 de
985 3625 1152 3696 proceribus
1167 3631 1198 3679 et
1220 3623 1341 3696 plebeiis
1356 3625 1458 3680 offensi

409 3711 505 3783 ipsum
529 3713 566 3768 ad
584 3713 694 3770 bellum
709 3713 908 3785 Huatingense
923 3723 1025 3770 contra
1039 3714 1221 3771 Willelmum
1244 3720 1459 3786 properantem,

407 3806 441 3854 ut
464 3802 540 3858 inira
563 3803 684 3874 petebit,
708 3802 906 3860 deseruerunt.

239 3899 393 3952 eonduetot
456 3893 525 3958 Iste
549 3893 719 3958 Haraldus
742 3895 886 3961 Noricus
921 3897 956 3961 in
982 3896 1134 3962 adventu
1158 3917 1217 3962 suo
1249 3894 1314 3962 iter
1345 3895 1461 3982 dirigit

238 3968 387 4100 iissssfflt
408 4017 523 4060 versus
542 3996 736 4074 Eboracum,
763 3998 821 4062 ubi
845 3999 984 4063 veniens
1002 4003 1136 4064 centum
1160 3998 1291 4064 elericos
1314 4003 1348 4064 et
1371 3999 1461 4064 mille

238 4100 316 4152 torn
407 4097 508 4163 laicos
532 4099 661 4178 occidit,
677 4099 734 4165 sed
758 4121 817 4165 rex
840 4101 972 4188 Angliae
993 4102 1230 4188 superveniens
1245 4122 1318 4167 eum
1334 4108 1460 4188 septem

406 4197 592 4285 legionibus
615 4200 762 4265 virorum
785 4200 925 4266 sortium
949 4203 1099 4288 optinuit
1121 4202 1303 4268 victorium.

452 4311 551 4382 Igitur
573 4311 719 4368 Humidus
742 4312 922 4368 constitutus
952 4313 983 4367 in
1005 4331 1096 4384 reguo
1118 4313 1163 4369 nil
1185 4314 1221 4369 de
1253 4313 1347 4387 pactis
1381 4313 1459 4369 inter
1472 4311 1606 4376 nigdrii.

406 4399 503 4472 ipsum
526 4406 556 4457 et
590 4401 772 4458 Willelmum
805 4402 964 4474 cogitabat,
989 4403 1039 4458 sed
1074 4403 1230 4458 liberatum
1262 4422 1294 4459 ae
1327 4419 1390 4460 ease
1420 4402 1457 4459 de
1470 4383 1595 4430 ²³²’²³⁶·

406 4496 586 4546 sacramento
606 4489 777 4561 juramenti,
801 4511 835 4548 eo
866 4491 945 4564 quod
967 4492 1028 4546 filia
1058 4492 1200 4549 Willelmi
1221 4510 1310 4564 quam
1339 4493 1456 4564 dispon-

406 4597 469 4634 sare
493 4581 665 4650 promiserat
688 4581 765 4636 infra
787 4599 879 4652 annos
911 4581 1024 4636 nubiles
1058 4581 1179 4648 obierat,
1202 4587 1233 4638 et
1263 4583 1354 4638 etiam
1387 4582 1456 4654 quia

406 4669 572 4723 Willelmus
595 4669 654 4724 dux
685 4670 833 4726 continuis
865 4671 951 4726 bellis
982 4669 1151 4743 implicatus
1182 4671 1246 4729 suit.
1291 4671 1457 4729 Wilielmua

436 4775 698 4874 urtechun
978 4815 1137 4874 morem,
1158 4816 1224 4868 eom
1243 4815 1322 4883 argo.
1367 4816 1459 4868 nvom·

944 4911 1007 4952 crem.
1018 4895 1074 4946 MS.
