3625 5784
409 857 474 924 378
762 870 910 920 uererer
932 873 1116 923 meremor

412 1053 507 1134 Quod
531 1077 605 1122 cum
633 1056 680 1122 eis
702 1077 891 1122 concessum
919 1061 1014 1132 esset,
1045 1057 1167 1122 iterato
1197 1057 1369 1123 venientes
1401 1056 1466 1142 iiij⁰

410 1157 535 1222 scilicet
550 1158 624 1223 idus
641 1157 845 1244 Septembris
868 1158 1111 1243 responderunt
1132 1157 1290 1243 praecise¹
1304 1159 1393 1245 quod
1411 1179 1467 1224 eos

408 1259 592 1344 justificare
622 1281 689 1324 non
722 1265 887 1345 poterant,
918 1261 1152 1345 promittentes
1182 1265 1295 1324 tamen
1317 1261 1407 1345 quod
1430 1261 1467 1324 in
1480 1278 1564 1344 Tvys.
1577 1281 1628 1330 001,

242 1385 360 1434 Anacci-
413 1361 575 1426 auxilium
598 1366 787 1427 nostrorum
803 1362 958 1426 venirent
972 1361 1026 1426 die
1047 1362 1194 1427 crastina
1208 1383 1284 1427 eum
1305 1362 1351 1426 xl.
1374 1384 1468 1447 eans

243 1453 344 1567 231¹}th
413 1463 557 1529 armatis.
604 1462 890 1549 Oredideruntque
925 1464 973 1528 eis
1011 1469 1044 1529 et
1081 1464 1280 1529 dimisenmt
1313 1485 1377 1529 eos.
1425 1464 1468 1528 In

243 1556 355 1634 between
413 1587 540 1630 recessu
567 1571 679 1630 autem
703 1586 815 1629 eorum
850 1566 885 1628 in
917 1565 1064 1650 vesperis
1089 1586 1165 1630 cnm
1195 1566 1394 1650 quibrmdom
1424 1587 1467 1630 ex

239 1651 388 1766 ffifflb·
412 1667 535 1730 nostris
567 1687 588 1731 a
618 1665 747 1752 iomgio
778 1665 1023 1731 revertentibus
1064 1665 1262 1743 obviassent
1304 1665 1467 1731 insultum

242 1767 491 1833 andScotch-fecit
521 1769 556 1832 in
588 1789 642 1832 eos
667 1767 724 1846 ille
750 1789 857 1833 eomes
883 1767 925 1832 de
964 1766 1129 1852 Levenay,
1159 1772 1194 1832 et
1217 1767 1337 1832 collum
1367 1768 1468 1832 nnius

244 1863 310 1898 Μ·
412 1871 534 1956 peditis
556 1869 742 1955 perforavit
763 1869 884 1956 gladio.
919 1869 1016 1949 Quod
1035 1891 1111 1934 eum
1129 1870 1165 1932 in
1187 1871 1336 1935 exercitu
1352 1875 1467 1934 nostro

412 1972 606 2036 nunciatum
629 1977 723 2048 esset,
754 1991 832 2036 mox
865 1977 1083 2036 cucurrerunt
1104 1971 1148 2036 ad
1170 1993 1272 2048 arma,
1295 1977 1331 2036 et
1352 1972 1468 2036 vulne·

414 2077 524 2138 ratum
557 2072 849 2160 sanguinolentum
883 2074 997 2138 comiti
1035 2074 1077 2138 de
1100 2073 1269 2138 Warenna
1299 2079 1465 2159 presenta-

415 2179 545 2250 verunt,
572 2181 766 2260 expetentes
789 2174 973 2240 vindictam
995 2175 1068 2238 lieri
1091 2175 1127 2238 in
1151 2175 1225 2260 ipsa
1258 2179 1364 2250 nocte,
1385 2196 1463 2239 con·

415 2275 595 2342 clamantes
612 2281 646 2342 et
668 2277 823 2353 dicentes,
847 2277 1042 2341 seditionem
1056 2276 1136 2348 ,fieri
1159 2280 1194 2340 et
1208 2276 1309 2341 fidem
1322 2275 1465 2341 fractam

415 2401 494 2444 esse.
539 2379 592 2442 Ad
616 2378 687 2444 haec
709 2399 827 2455 comes,
850 2387 868 2412 “
884 2377 1081 2454 Sustinete,”
1104 2379 1222 2463 inquit,
1247 2384 1371 2443 “nocte
1405 2377 1467 2442 hac

415 2489 430 2513 ‘¹
454 2485 494 2544 ut
521 2480 549 2543 si
576 2480 611 2544 in
642 2480 786 2544 crastino
812 2479 975 2564 promissa
996 2500 1063 2543 non
1086 2479 1225 2544 fecerint
1257 2484 1292 2543 et
1324 2478 1465 2564 comple-

243 2580 302 2630 Ean
415 2591 429 2616 “
455 2580 575 2666 verint,
590 2581 747 2666 majorem
764 2581 864 2646 etiam
881 2581 916 2643 in
931 2580 1022 2646 facto
1035 2579 1195 2646 ultionem
1211 2580 1465 2666 exspectamus''

244 2647 368 2697 Warenne
551 2685 557 2698 .
1175 2682 1182 2695 ,
1217 2683 1225 2697 ,
1375 2684 1382 2697 ,

245 2727 363 2776 preparas
419 2683 578 2770 Praeceprt
599 2691 711 2748 tamen
734 2688 774 2748 ut
799 2704 914 2747 omnes
935 2688 1046 2747 essent
1074 2688 1185 2767 parati
1215 2705 1250 2746 1n
1284 2689 1466 2754 crastinum

243 2785 352 2893 ffi⁰i⁰⁸⁵
414 2785 457 2848 ad
481 2785 718 2852 transeundum
751 2791 885 2870 pontem
917 2785 958 2848 de
981 2783 1174 2868 Stryvelyn
1222 2783 1320 2848 Mene
1352 2790 1464 2848 autem

242 2859 393 2976 aresilldig.
415 2893 503 2954 lacto
537 2889 741 2954 transierunt
775 2893 908 2972 pontem
931 2886 1099 2970 pedestres
1122 2885 1255 2972 Anglici
1289 2886 1464 2971 plusquam

416 3015 445 3059 v.
469 2992 574 3057 millia
599 2997 633 3055 et
658 2989 836 3054 Wallenses
859 2989 980 3074 plures,
1001 2989 1188 3072 iterumque
1210 2989 1466 3054 revertebantur

414 3117 452 3159 eo
497 3093 585 3179 quod
629 3113 737 3157 eomes
774 3091 815 3156 de
854 3089 1027 3156 Warenna
1066 3110 1181 3154 somno
1217 3091 1391 3175 depressus
1428 3091 1463 3154 in

412 3217 564 3280 campum
591 3214 658 3258 non
685 3192 826 3256 exiisset
875 3189 1024 3276 Cumque
1046 3197 1123 3276 post
1153 3211 1308 3277 magnam
1337 3211 1463 3255 moram

413 3292 632 3360 surrexisset²
647 3317 668 3358 a
682 3314 797 3358 somno
813 3298 986 3377 essentque
1002 3313 1115 3356 omnes
1138 3292 1174 3355 in
1196 3313 1312 3378 campo
1333 3293 1462 3369 armati,

242 3405 398 3456 Theseotch
412 3397 493 3462 fecit
515 3397 638 3461 ibidem
661 3418 765 3460 novos
795 3395 919 3459 milites
941 3415 1082 3479 quorum
1104 3394 1239 3480 quidam
1266 3394 1380 3459 eodem
1409 3394 1464 3459 die

241 3473 370 3601 {ffig‘ffle
410 3503 614 3574 sonuerunt,
634 3497 834 3580 inte1imque
857 3495 1062 3560 transienmt
1083 3496 1250 3581 pedestres
1283 3496 1401 3572 nostri,
1430 3503 1465 3560 et

240 3604 382 3668 fomerhsy
411 3599 532 3664 iterato
566 3598 687 3662 reversi
724 3601 803 3661 sunt
835 3617 873 3662 eo
896 3597 984 3682 qnod
1007 3596 1205 3660 senescallus
1239 3596 1359 3662 Scotiae
1389 3619 1463 3662 cum

243 3669 371 3734 promised
499 3701 506 3714 ·
597 3700 603 3714 .
772 3699 779 3712 ·
1256 3698 1263 3711 .
1356 3699 1363 3713 .

242 3735 322 3785 mh,
413 3721 526 3784 paucis
549 3698 681 3784 quidem
705 3702 799 3763 vemt
821 3703 856 3762 et
877 3719 946 3763 non
968 3718 1043 3762 cum
1069 3697 1112 3761 xl
1145 3703 1283 3763 armatis
1307 3698 1365 3762 ubr
1387 3720 1463 3763 con·

1440 1363 1448 1377 ·
1479 1350 1553 1395 2517.

242 3801 357 3868 English.
412 3806 579 3867 venerant.
627 3801 877 3885 Credebantque
893 3799 1026 3887 Anglici
1040 3800 1130 3884 ipsos
1147 3798 1219 3865 fore
1234 3799 1364 3885 bajulos
1385 3799 1464 3865 boni
1560 3826 1571 3835 ·

412 3903 533 3980 nuncii,
572 3903 628 3968 sed
672 3906 915 3967 excusaverunt
955 3922 990 3965 se
1022 3904 1057 3965 et
1093 3901 1129 3964 in
1174 3899 1264 3966 facto
1306 3901 1465 3988 praedicto

412 4011 446 4070 ot
489 4005 578 4090 quod
615 4008 747 4092 gentem
786 4001 955 4088 propriam
998 3999 1181 4085 justificare
1219 4023 1286 4066 non
1323 4008 1464 4088 possent,

411 4109 565 4184 dicentes,
611 4129 645 4172 se
692 4127 759 4170 non
789 4125 883 4190 posse
922 4103 965 4167 ab
989 4103 1051 4168 ,eis
1089 4104 1214 4188 eripere
1258 4125 1319 4170 nec
1363 4125 1465 4189 equos

411 4231 470 4276 nec
504 4231 606 4274 arma.
668 4205 890 4272 Mittebentur
928 4205 1029 4269 etiam
1067 4205 1202 4270 interim
1240 4206 1307 4270 duo
1343 4205 1464 4271 fratres

410 4313 642 4399 praedicatores
673 4309 716 4373 ed
756 4307 937 4372 exercitum
983 4305 1158 4372 Scotorum
1200 4309 1258 4392 qui
1290 4309 1327 4372 in
1358 4307 1465 4373 altera

242 4427 343 4474 Amess
377 4419 505 4500 eperte
537 4413 659 4479 montis
692 4433 793 4496 supra
824 4409 1062 4474 monasterium
1094 4409 1354 4494 Skambskynell
1388 4431 1462 4476 cum

241 4497 357 4620 ffift
377 4505 390 4539 ⁰
411 4515 469 4579 illo
491 4515 618 4578 latrone
643 4511 807 4577 Willelmo
839 4509 975 4594 Waleys
997 4509 1163 4590 latitabat,
1186 4510 1214 4574 si
1237 4510 1323 4576 forte
1349 4531 1463 4597 pacem

444 4789 452 4822 ¹
467 4801 589 4853 praepar,
600 4787 673 4838 MSS.
925 4783 930 4846 Ι
995 4781 1006 4815 ²
1022 4785 1141 4841 surrexit,
1152 4783 1188 4834 A.
