3625 5784
605 867 876 918 nmcmmussrs
898 867 1108 920 csaomcos.
1330 861 1393 926 113

338 1075 415 1120 vero
453 1059 571 1142 captus
602 1055 775 1142 pudorosae
808 1062 844 1123 et
876 1057 1015 1124 immani
1048 1061 1147 1126 morti
1179 1061 1392 1148 adjudicatus
1407 1073 1537 1126 saterris

336 1161 394 1222 est.
440 1156 606 1222 Hemious
629 1179 709 1223 vero
730 1157 834 1224 frater
855 1159 928 1245 ejus
958 1183 1026 1226 non
1049 1161 1217 1227 sustinens
1250 1163 1390 1250 ignomi·
1403 1141 1549 1268 fflgffi

335 1258 425 1325 niam
449 1264 579 1326 tautam
601 1261 797 1347 protendere
819 1262 857 1326 in
878 1263 1042 1349 sanguine
1065 1285 1133 1342 suo,
1157 1265 1291 1332 instetit
1313 1287 1391 1353 erga
1404 1277 1539 1326 aentenoed

335 1359 473 1428 barones
516 1385 592 1428 suos
626 1374 660 1428 et
694 1363 889 1451 impetravit
920 1365 963 1431 ab
997 1367 1053 1444 eis,
1089 1367 1177 1452 quod
1211 1368 1389 1454 praediotus
1403 1340 1526 1392 ww·

335 1465 521 1532 Robertus¹
554 1466 687 1532 deberet
717 1468 882 1533 exoculari
914 1476 949 1534 et
980 1471 1138 1536 excaecari
1176 1492 1251 1537 oum
1290 1471 1387 1537 batili
1402 1481 1452 1532 His
1464 1479 1508 1532 life

334 1567 472 1646 mdenti,
494 1568 606 1654 sicque
628 1569 718 1656 apud
741 1569 946 1636 Liuoolniam
969 1577 1128 1659 perpetuo
1151 1574 1270 1640 carceri
1295 1595 1387 1640 man-
1401 1550 1546 1679 ffigss'ut

334 1669 462 1756 cipetus
485 1670 609 1736 ibidem
632 1671 773 1757 quiescit
794 1672 960 1738 humatus.
1399 1689 1501 1746 nepot

168 1774 301 1840 nigdol
379 1782 497 1838 Mortuo
530 1783 593 1838 sine
627 1783 728 1839 libaria
760 1801 830 1854 rege
852 1783 1001 1840 Willelmo
1025 1783 1102 1841 Bulo
1133 1785 1184 1858 qui
1213 1785 1385 1842 concubinis
1398 1749 1538 1880 ffiffigpt

168 1847 293 1894 ⁴¹⁶'⁴⁵⁵'
334 1861 469 1944 semper¹
490 1890 560 1928 usus
582 1872 687 1938 fuerat,
718 1872 856 1929 successit
888 1872 921 1928 in
952 1891 1076 1945 reguum
1104 1873 1206 1946 junior
1239 1875 1531 1946 Heuricusiuprisou.

334 1962 424 2017 frater
455 1959 529 2032 ejus,
552 1962 639 2017 nonis
660 1961 790 2033 Augusti
821 1963 899 2035 apud
926 1963 1117 2036 Wyutoniam
1148 1965 1267 2032 electus,
1302 1971 1333 2022 et
1366 1983 1385 2023 a

334 2051 476 2107 Mauricio
499 2051 686 2108 Iaondoneusi
707 2050 842 2124 episcopo
864 2052 943 2124 apud
965 2052 1256 2111 westmonasterium
1282 2073 1382 2112 couse-

334 2146 526 2208 antoanam
548 2147 621 2197 tuno
635 2141 794 2197 Anselmus
816 2141 923 2198 aberat.
969 2141 1028 2198 Hic
1050 2143 1139 2199 tortio
1161 2144 1276 2216 paterni
1298 2141 1384 2216 regni

334 2247 411 2286 auno
443 2231 475 2286 in
507 2235 572 2287 toro
612 2229 695 2302 regio
726 2230 844 2302 genitus
886 2228 919 2285 in
951 2231 1119 2288 liberalibus
1153 2233 1265 2289 artibus
1298 2251 1383 2290 suum

333 2320 462 2392 primum
493 2319 631 2392 protrivit
662 2318 842 2387 tirocinium,
865 2338 952 2394 quem
987 2321 1143 2394 aliquando
1170 2341 1187 2378 a
1214 2324 1303 2379 fratre
1330 2341 1383 2380 suo

334 2409 484 2466 Willelmo
506 2410 608 2466 laesum
631 2415 716 2482 pater
739 2411 904 2466 consolatus
929 2415 974 2466 est
989 2410 1021 2466 in
1036 2411 1115 2468 huno
1138 2411 1277 2481 modum;
1304 2414 1323 2440 “
1337 2411 1384 2470 Ne

334 2501 354 2525 “
370 2487 433 2566 fle‚⁸
451 2517 533 2555 meus
547 2499 601 2567 fili,
615 2518 686 2555 nam
701 2504 773 2556 attu
787 2517 839 2555 rex
853 2499 941 2556 eris.”
975 2500 1034 2557 Hic
1043 2500 1136 2573 igitur
1146 2501 1252 2558 ultimo
1267 2500 1382 2576 paterni
1401 2533 1406 2544 ·

333 2589 417 2660 regui
449 2607 537 2656 anno,
573 2589 670 2646 aetatis
704 2607 764 2645 suae
786 2589 855 2657 xix„
881 2593 993 2662 epatre
1020 2607 1072 2646 auo
1097 2591 1191 2647 factus
1216 2601 1261 2648 est
1287 2593 1382 2660 miles,

333 2679 389 2735 ivit
413 2697 481 2735 cum
507 2684 589 2752 patre
614 2678 836 2735 Normanniam.
881 2680 921 2734 Et
954 2679 1014 2735 cito
1047 2685 1113 2752 post
1139 2685 1260 2753 paterno
1287 2680 1383 2737 funeri

332 2768 429 2824 astitit
449 2773 485 2823 ut
507 2768 706 2842 supradictum
730 2774 785 2836 est,
808 2767 922 2824 crateris
948 2767 1088 2824 fratribus
1113 2786 1170 2841 quo
1195 2787 1256 2826 sors
1283 2787 1382 2843 quom·

333 2875 388 2931 que
410 2859 519 2915 tulerat
540 2857 680 2930 dilapsis;
706 2858 886 2930 Quapropter
909 2861 1030 2930 paterna
1048 2857 1259 2926 benedictione,
1275 2865 1383 2915 mater-

335 2965 428 3020 naque
451 2947 623 3005 haereditate
649 2948 850 3020 thesaurisque
874 2946 1014 3002 subnixus
1039 2947 1162 3002 fratrum
1194 2948 1383 3020 supercilium

334 3054 436 3110 parum
460 3037 620 3094 exhorruit.
666 3036 841 3093 Inclinatior
862 3040 962 3092 tamen
985 3034 1112 3092 Roberto
1134 3036 1277 3110 superiori
1299 3035 1383 3092 fratri

334 3144 386 3184 eno
417 3133 536 3200 propter
566 3126 660 3183 animi
696 3125 960 3192 mansuetudinem,
996 3131 1116 3182 econtra
1154 3125 1203 3182 ille
1238 3126 1383 3182 Robertus

333 3216 421 3273 noxia
443 3233 557 3289 semper
578 3216 719 3272 facilitate
741 3215 918 3272 delatoribus
943 3215 1079 3272 credulus
1105 3217 1226 3271 fratrem
1252 3215 1382 3273 vexabat.

334 3307 458 3380 Insuper
494 3313 524 3362 et
561 3306 620 3361 tria
656 3305 751 3362 millia
788 3321 953 3360 marcarum
987 3305 1018 3360 in
1053 3311 1228 3362 testamento
1262 3310 1384 3378 paterno

333 3396 462 3452 Heurioo
495 3396 665 3452 relictarum
696 3394 840 3450 Robertns
874 3394 906 3449 in
941 3394 1145 3468 stipendiarios
1177 3413 1243 3452 suos
1274 3394 1384 3452 milites

333 3484 502 3558 absumpsit.
559 3486 681 3541 Erectus
715 3484 815 3556 itaque
848 3482 993 3539 Heurieus
1028 3483 1060 3539 iu
1094 3502 1203 3556 regem,
1236 3490 1384 3542 annuente

332 3575 457 3631 maxime
492 3575 620 3631 Heurioo
651 3572 848 3646 Warwyoenai
879 3574 986 3630 comite
1019 3573 1075 3629 sibi
1118 3573 1200 3647 prius
1234 3575 1382 3641 familiari,

332 3664 483 3721 ecelesiam
509 3664 631 3720 liberam
657 3663 737 3729 fecit,
761 3663 882 3719 forestas
907 3667 1007 3718 tamen
1033 3663 1065 3718 in
1088 3681 1176 3719 mauu
1200 3682 1253 3721 sua
1275 3665 1382 3732 tenuit,

333 3754 412 3826 leges
434 3753 570 3810 Edwmdi
593 3771 661 3810 cum
683 3751 935 3810 emendationibus
958 3751 1018 3808 suis
1041 3753 1214 3821 observarit,
1230 3753 1383 3827 pensiones

163 3839 250 3905 Tvya
263 3842 309 3893 cot
332 3844 434 3900 noxias
455 3843 579 3910 remisit,
603 3842 786 3899 effeminatos
807 3841 843 3896 de
865 3841 948 3898 ouria
969 3859 1021 3898 sua
1044 3845 1181 3915 propulit.
1238 3843 1383 3899 Lucerna·

162 3911 240 3959 ²³⁷⁵·
333 3951 400 3988 rum
422 3951 508 3989 nsum
530 3939 660 4005 tempore
681 3932 775 4005 patris
797 3932 842 3986 sui
865 3931 1064 3987 intermissum
1087 3932 1218 3988 restituit
1240 3931 1277 3987 de
1299 3938 1384 3988 nocta

334 4023 365 4079 in
399 4024 481 4080 curia
514 4039 574 4079 sua
620 4022 810 4094 Ranulphum
844 4021 1071 4077 Duuelmensem
1105 4022 1271 4094 episcopum
1305 4021 1384 4094 apud

333 4114 440 4168 turrim
463 4111 623 4169 Loudouiae
646 4112 774 4167 reclusit.
829 4109 1002 4166 Anselmum
1026 4110 1265 4166 Cautuariensem
1288 4110 1384 4167 archi-

333 4201 501 4276 episcopum
523 4207 596 4258 tuuc
617 4201 732 4258 exulem
752 4200 908 4257 revocarit.
955 4199 1150 4256 Mercatorum
1166 4199 1268 4256 falsam
1283 4199 1385 4254 ulnam

360 4527 369 4562 ¹
386 4527 427 4580 Ou
438 4528 500 4578 botb
511 4524 633 4592 margine,
642 4524 771 4576 Rodertna
782 4539 826 4574 ex·
852 4540 858 4634 p
910 4525 922 4554 ²
930 4523 1038 4586 preater,
1050 4517 1128 4585 Higd.

325 4609 452 4660 cedatur.
485 4606 622 4666 Robora,
640 4605 706 4656 from
727 4605 761 4654 A.
795 4604 826 4653 lu
854 4635 859 4646 ·
911 4598 1138 4665 ’fleverialligd

326 4691 390 4749 MS..
401 4687 603 4740 dds-domiuus.

425 4795 442 4831 o
474 4781 565 4831 aron.
