3625 5784
435 853 500 920 394
785 868 933 918 sermm
955 865 1149 918 memor.

433 1053 545 1120 hostes
581 1051 729 1140 publiei¹
759 1022 963 1118 tenerentur.¹
1006 1051 1061 1116 Ad
1098 1072 1196 1138 quem
1230 1052 1364 1138 quidem
1398 1051 1488 1118 diem
1499 1037 1647 1160 ffi'oel

433 1161 659 1222 eonvensnmt
696 1155 801 1220 nostri
839 1154 986 1230 eomites,
1022 1154 1079 1219 isti
1124 1154 1258 1232 scilieet,
1295 1152 1425 1220 eomes²
1446 1155 1488 1220 de
1568 1145 1576 1161 ’

435 1258 602 1324 Warenna
624 1259 681 1344 qui
703 1257 811 1322 looum
834 1257 922 1344 regis
945 1262 1062 1322 tenens
1092 1278 1267 1344 personam
1289 1257 1380 1322 illius
1402 1279 1488 1344 prae·

266 1367 355 1436 Eng's
434 1360 589 1426 sentabat
626 1361 663 1424 in
699 1359 772 1436 hoe,
805 1380 914 1426 eomes
952 1359 1167 1426 Gloueestriae
1204 1381 1279 1426 eum
1320 1361 1488 1426 eomitissa

283 1450 376 1552 mg}
434 1487 537 1530 uxore
583 1485 643 1528 sua
688 1462 760 1528 filia
803 1463 899 1548 regis,
938 1483 1046 1528 eomes
1092 1462 1337 1541 Maenalius,
1380 1485 1488 1529 eomas

435 1565 677 1642 Heriordensis,
719 1585 826 1630 comes
863 1562 904 1628 de
942 1563 1114 1641 Arundell,
1153 1569 1189 1632 et
1225 1565 1356 1650 Gvydo
1399 1565 1488 1632 filius

434 1669 564 1736 comitis
597 1667 638 1732 de
661 1667 835 1752 Warwylr,
868 1665 1039 1734 Johannes
1070 1667 1110 1732 de
1141 1666 1298 1756 Segrave,
1330 1673 1365 1733 et
1396 1689 1489 1756 mag·

434 1776 529 1836 nates
552 1768 695 1854 plurimi.
742 1767 1058 1852 Communieatoque
1088 1768 1226 1833 oonsilio
1247 1767 1427 1834 voluerunt
1449 1773 1489 1834 ut

434 1867 601 1940 constaret
634 1871 800 1937 communi
833 1869 956 1957 populo
994 1871 1035 1935 de
1072 1871 1322 1936 eonfirmatione
1360 1893 1489 1959 magnae

434 1977 557 2042 ohartoe
581 1978 615 2038 et
637 1971 760 2037 eharioe
784 1972 824 2036 de
840 1971 971 2037 foresta.
1017 1971 1117 2037 Unde
1132 1972 1218 2037 lecta
1236 1993 1359 2060 magna
1373 1973 1489 2039 charta

268 2084 410 2152 Themeat
435 2102 509 2148 oum
543 2073 692 2142 articulis
724 2075 865 2152 insertis,
889 2095 972 2160 quos
1003 2076 1271 2140 enumeravimus
1303 2097 1413 2162 supra,
1446 2078 1488 2142 de

267 2153 367 2268 lm
434 2183 598 2270 praeeepto
638 2197 751 2242 eorum
783 2175 1001 2242 Karliolensis
1031 2178 1204 2264 episeopus
1241 2177 1488 2264 pontificalibus

267 2287 364 2361 soleam
434 2283 572 2348 indutus
606 2277 955 2346 excommunicationis
988 2279 1189 2345 sententiam
1212 2279 1248 2343 in
1270 2301 1384 2345 omnes
1417 2280 1489 2366 ejus

267 2351 376 2402 ration.
434 2385 612 2450 violatores
649 2380 852 2446 fulminavit
914 2377 1064 2466 Oumqus
1098 2402 1166 2446 non
1203 2381 1359 2447 venirent
1396 2381 1489 2448 Seoti

434 2509 541 2573 neque
574 2485 758 2562 mitterent,
779 2485 973 2548 statuerunt
994 2487 1034 2550 ut
1056 2484 1092 2548 in
1114 2484 1241 2550 octabis
1274 2485 1489 2570 sequentibus

434 2590 524 2678 apud
558 2590 695 2654 Novum
727 2583 883 2653 Castrum
906 2607 1006 2674 super
1029 2585 1158 2672 Tynam
1193 2587 1300 2652 omni·
1334 2609 1488 2654 numera·

433 2699 526 2760 retur
548 2689 690 2780 populus
712 2689 888 2775 expeditus
911 2687 956 2752 ad
979 2709 1146 2777 pugnam
1181 2692 1217 2754 et
1250 2690 1297 2755 sio
1328 2692 1487 2757 eontinuo

366 2847 383 2881 n
434 2795 667 2885 procederetur
681 2792 717 2854 in
739 2789 856 2856 hostes.
903 2789 1084 2856 Venientes
1099 2794 1212 2856 autem
1228 2790 1352 2856 ibidem
1372 2814 1487 2858 nume-

434 2901 594 2964 raverunt
616 2891 800 2982 populum³
824 2891 1024 2958 universum
1076 2891 1123 2958 Et
1144 2894 1284 2958 inventa
1320 2901 1400 2961 sunt
1423 2897 1489 2962 duo

434 3000 539 3066 millia
573 3017 730 3083 equorum
765 2999 970 3060 armatorum
1004 3015 1079 3060 sum
1111 2995 1330 3061 assensoribus
1364 2997 1487 3078 electis,

433 3108 468 3170 ot
498 3101 639 3167 aliorum
673 3096 896 3184 equitantium
930 3096 1106 3182 plusquam
1133 3097 1224 3162 mille
1257 3097 1400 3177 dueenti,
1432 3123 1489 3186 pe-

434 3207 542 3272 ditum
564 3206 676 3268 autem
709 3219 783 3264 cum
808 3196 1020 3264 Walensibus
1054 3197 1232 3285 plusquam
1263 3221 1288 3264 e
1324 3200 1430 3266 millia
1451 3207 1487 3268 et

432 3305 590 3372 continuo
627 3301 857 3386 processenmt
902 3319 1006 3383 usque
1044 3298 1088 3362 ad
1125 3298 1270 3364 eonfinia
1306 3301 1487 3388 regionum.

265 3407 397 3525 liii
433 3403 653 3597 iiiii-gell
682 3400 804 3568 tlt
838 3400 1487 3589 {destruerunt

265 3541 372 3724 {231th
433 3609 533 3687 Senti,
556 3607 738 3672 adventum
771 3623 884 3668 eorum
907 3601 1058 3668 validum
1081 3604 1274 3671 timuerunt.
1320 3606 1365 3673 Et
1387 3609 1486 3674 relin-

334 3709 340 3722 '
433 3715 572 3798 quantes
593 3707 797 3774 obsidionem
830 3704 930 3768 castri
953 3705 994 3770 de
1016 3703 1245 3795 Rolresburgh,
1268 3709 1357 3794 quod
1380 3711 1486 3778 multo

429 3816 501 3904 jam
522 3818 670 3898 tempore
692 3809 969 3896 oppugnaverant
990 3827 1029 3872 eo
1051 3809 1141 3893 quod
1162 3810 1340 3875 tenebatur
1362 3811 1485 3880 ibidem

265 3922 338 3988 They
433 3917 604 4005 episeopus
642 3909 879 3984 Glaeeovensis,
919 3906 1078 3996 fugerunt
1114 3931 1135 3973 a
1171 3909 1254 3977 faeie
1290 3912 1485 4000 Anglorum,

251 3987 418 4120 'fflffgq
432 4017 636 4108 ingressique
669 4014 749 4077 sunt
780 4009 907 4097 Angli⁴
928 4009 964 4073 in
998 4009 1113 4074 villam
1147 4015 1182 4076 et
1204 4018 1349 4079 nastrum
1375 4037 1485 4082 eonso

431 4122 539 4187 lantes
576 4117 732 4192 obsessos,
770 4116 804 4177 et
842 4110 1026 4176 vulneratis
1064 4115 1098 4176 et
1135 4114 1288 4180 attonitis
1321 4116 1485 4184 medelam

433 4223 637 4290 adhibentes.
685 4215 957 4299 Confirmatoque
979 4216 1088 4279 seatio
1111 4214 1249 4304 digressi
1279 4223 1360 4285 sunt
1381 4243 1486 4309 usque

433 4323 629 4398 Belesheve,
678 4317 756 4383 inde
805 4317 1010 4380 revertentes
1047 4337 1152 4401 usqne
1191 4316 1338 4406 Berwyk
1386 4346 1487 4413 super

466 4752 603 4812 ammira,
615 4746 691 4798 MSS·
1017 4773 1195 4839 ‘Aestima
1210 4775 1318 4844 Aeolia,
1328 4782 1388 4838 MS.
