3625 5784
457 838 523 907 476
814 852 962 903 saunier
986 850 1171 901 nuronror

454 1046 528 1113 Rex
551 1046 701 1114 Franeiae
738 1046 927 1112 subtiliavit
961 1047 1025 1111 viis
1062 1050 1097 1111 et
1119 1045 1226 1111 modis
1256 1046 1377 1131 quibus
1399 1046 1511 1132 potnit

286 1180 418 1258 Poliqor
454 1150 597 1233 qualiter
619 1149 814 1216 deturbaret
836 1170 947 1237 regem
970 1148 1101 1237 Anglire
1124 1153 1159 1213 et
1181 1146 1363 1234 repatriare
1385 1147 1511 1213 faceret

285 1249 330 1299 ¹¹¹⁰
341 1249 442 1315 19113οῐ
454 1250 518 1316 ne¹
540 1256 673 1317 tantum
704 1252 891 1317 destmeret
922 1256 957 1317 et
986 1250 1168 1316 debellaret
1206 1272 1345 1338 regnum
1381 1248 1509 1316 Seotiae.

285 1316 391 1367 ΕΜ
454 1352 499 1418 Et
535 1376 596 1439 per
632 1354 878 1442 suggestionem
917 1374 1017 1438 quam
1056 1374 1150 1439 papae
1187 1351 1321 1429 fecerat,
1345 1356 1509 1417 venerunt

453 1456 567 1520 nuncii
590 1476 634 1521 ex
667 1460 763 1542 parte
785 1476 881 1541 papae
903 1458 939 1519 et
969 1476 1011 1519 ex
1043 1460 1138 1540 parte
1169 1454 1256 1543 regis
1289 1452 1438 1519 Franeire
1465 1453 1508 1518 ad

453 1576 563 1643 regem
586 1556 716 1644 Angliae
742 1577 804 1642 pro
834 1576 915 1642 paee
946 1554 1099 1621 iacienda
1120 1576 1196 1622 eum
1219 1555 1330 1621 David
1354 1554 1451 1631 Brun,
1474 1561 1508 1621 et

452 1658 652 1723 attrahendo
674 1680 785 1745 regem
800 1656 933 1745 Anglise
948 1658 1013 1721 iter
1027 1677 1143 1743 eapere
1166 1677 1241 1721 eum
1265 1678 1342 1744 rege
1359 1655 1508 1723 Francia

453 1758 489 1821 in
511 1756 646 1823 Tenum
670 1764 827 1824 sanctam.
873 1758 946 1823 Rex
970 1756 1119 1823 Frauoiae
1142 1756 1346 1843 adquisierat
1378 1779 1399 1821 a
1421 1778 1508 1844 papa

453 1858 606 1925 Johanne
629 1860 736 1925 eolore
758 1860 946 1946 deceptorio
979 1881 1079 1924 unam
1103 1859 1263 1925 decimam
1286 1860 1506 1937 sexennalem,

285 1997 422 2059 mm,
453 1960 582 2048 fingens
603 1983 639 2026 se
673 1961 758 2025 velle
795 1958 982 2046 profioisoi²
1014 1960 1050 2023 in
1081 1958 1216 2025 Terram
1240 1964 1397 2036 sanatam,
1420 1981 1508 2045 papa

284 2062 352 2177 :12¹⁸
363 2077 420 2112 ⁰⁸¹¹·
452 2062 594 2127 eredidit
616 2083 692 2126 eum
724 2062 828 2126 fuisse
861 2062 898 2125 in
928 2061 1025 2125 firmo
1058 2060 1253 2148 proposito³
1286 2060 1506 2147 prosequendi

331 2144 354 2177 θ’
452 2164 579 2229 dietum
595 2164 774 2251 negotium,
789 2168 824 2227 et
840 2162 921 2229 feeit
937 2186 1011 2229 eum
1027 2164 1231 2250 capitanium
1247 2164 1329 2229 dieti
1353 2162 1506 2251 passagii,

452 2271 487 2331 et
519 2267 554 2330 in
586 2270 748 2351 quantum
780 2266 892 2351 potuit
926 2265 1091 2343 subvenit,
1114 2266 1171 2331 sed
1203 2288 1261 2330 rex
1294 2265 1507 2352 praetermisit

451 2372 561 2432 totum
584 2367 799 2453 propositum.
842 2366 1080 2433 Verumtamen
1103 2388 1164 2431 rex
1180 2366 1311 2454 Angliee
1334 2367 1507 2453 respondit

451 2469 483 2533 ei
506 2468 594 2555 quod
617 2467 782 2533 sufficiens
815 2472 901 2533 esset
924 2468 965 2533 de
990 2489 1060 2545 suo,
1082 2468 1237 2534 laudetur
1271 2467 1360 2545 deus,
1382 2469 1507 2553 absque

451 2570 523 2655 ejus
545 2570 672 2635 auxilio
687 2570 722 2635 in
738 2568 873 2655 aliquo⁴
887 2590 948 2655 pro
962 2570 1082 2635 merito
1104 2570 1224 2635 animm
1239 2591 1309 2635 suae
1324 2570 1353 2633 si
1376 2570 1506 2635 videret

452 2667 609 2757 tempus⁶
646 2676 880 2758 opportunum,
911 2672 938 2735 si
970 2692 1037 2735 non
1072 2670 1192 2736 fuisset
1222 2670 1424 2758 impeditus⁶
1446 2693 1507 2756 per

451 2774 561 2859 ipsum
585 2779 619 2839 et
634 2774 705 2859 ejus
727 2770 955 2839 adhaerentes.⁷
1001 2770 1047 2837 Et
1069 2774 1112 2838 ad
1129 2772 1241 2838 David
1259 2774 1300 2838 de
1324 2770 1434 2837 Bruz⁸
1456 2772 1505 2838 ita
1517 2772 1663 2837 'rvyaoel

451 2874 584 2961 provise
606 2873 787 2959 respondit,
802 2874 891 2958 quod
914 2873 1151 2960 patrationem
1167 2874 1265 2960 eulpa
1287 2896 1354 2938 non
1369 2874 1505 2940 deberet
1516 2843 1591 2891 ⁹⁵⁵⁸⁸

451 2976 611 3062 imputari
634 2976 665 3040 ei
688 2975 724 3040 in
746 2976 858 3061 aliquo
880 2996 1046 3062 responsa,
1070 2980 1104 3040 et
1127 2975 1216 3040 inter
1238 2976 1304 3041 alia
1326 2976 1415 3061 quod
1437 2998 1505 3041 non

450 3082 562 3164 posset
584 3098 644 3144 neo
666 3077 768 3142 vellet
790 3078 882 3143 exire
913 3082 1037 3143 terram
1060 3098 1155 3142 suam
1178 3078 1356 3143 dummodo
1378 3078 1505 3144 inimici

451 3180 504 3245 sui
527 3180 577 3244 ita
598 3178 737 3244 rebelles
769 3184 881 3244 essent
908 3174 1028 3244 'eontra
1059 3200 1134 3243 eum
1167 3200 1249 3264 quos
1272 3201 1332 3245 rex
1354 3178 1503 3245 Francia

451 3280 583 3347 foverat
604 3286 721 3347 eontra
757 3302 833 3345 eum
871 3281 929 3365 qui
962 3280 1039 3365 jure
1073 3282 1370 3367 consanguinitatis
1393 3282 1505 3367 potius

451 3383 586 3449 deberet
601 3384 632 3447 ei
654 3403 730 3447 oum
752 3403 813 3447 suo
830 3381 1003 3467 juvamine
1026 3380 1218 3447 adhaerere⁹
1232 3403 1332 3468 quam
1355 3384 1504 3450 inimioos

452 3506 528 3549 suos
551 3484 708 3570 ospitales
730 3488 847 3549 eontra
869 3505 944 3549 eum
969 3482 1103 3548 fortiter
1126 3483 1301 3551 educara¹⁰

285 3597 352 3646 an.
367 3600 439 3646 1³³5.
497 3585 620 3652 Eodem
643 3608 732 3651 anno
754 3601 961 3650 ueuoxxxv.
979 3586 1014 3649 in
1038 3585 1125 3651 festo
1148 3587 1375 3653 decollationis
1397 3589 1502 3655 saneti

283 3686 443 3805 fflffiffl
451 3686 617 3752 Johaunis
639 3687 848 3753 oombustum
864 3684 932 3753 luit
947 3687 1132 3752 manerium
1146 3693 1298 3754 nostrum
1320 3688 1361 3754 de
1377 3688 1503 3755 Coker-

341 3768 369 3805 α
430 3787 531 3853 'bam
550 3809 626 3853 oum
649 3787 775 3873 capella
797 3788 832 3851 in
865 3788 979 3853 eodem
1002 3809 1078 3855 eum
1115 3788 1208 3853 libris
1231 3794 1266 3854 et
1287 3790 1503 3856 minumentis

449 3889 525 3955 aliis
563 3888 710 3975 ejusdem
748 3889 897 3954 manerii.
943 3888 987 3954 Et
1024 3890 1110 3955 eirea
1147 3890 1359 3956 nativitatem
1397 3890 1503 3957 beata

450 3991 566 4057 Maria
588 4012 701 4056 omnes
725 3989 816 4057 Seoti
852 3996 1019 4056 venerunt
1056 3992 1091 4055 vi
1129 3992 1277 4078 oppressi
1314 3992 1357 4057 ad
1388 4014 1502 4080 paoem

482 4290 817 4343 ¹AtterneMS.sddsin.
1034 4290 1264 4357 ‘inpedilse,A.;
1282 4294 1431 4361 imprdens,
1445 4300 1502 4355 Ms.

482 4372 493 4404 ²
505 4371 651 4439 ponderi,
661 4371 718 4421 MS.
1034 4368 1201 4427 luderentur,
1227 4372 1262 4423 Δ.
1290 4388 1334 4438 pr..
1351 4390 1427 4438 man,
1455 4380 1503 4432 but

481 4450 638 4517 ³propoeiro
665 4448 689 4499 is
717 4448 816 4499 written
851 4462 885 4498 on
906 4449 951 4499 the
1001 4452 1140 4501 artaud.
1386 4470 1389 4477 ·
1470 4480 1473 4485 ·

449 4528 549 4595 margin
559 4527 587 4579 in
598 4530 632 4578 A.
1035 4528 1047 4561 ⁸
1065 4528 1213 4590 snam
1233 4530 1380 4595 smus.

483 4605 648 4672 ⁴r‘uulique]
669 4605 930 4667 stomA.;om.MS.
1035 4606 1094 4657 ⁹In
1116 4608 1173 4659 MS.
1196 4609 1220 4660 α’
1246 4609 1268 4661 ie
1296 4610 1407 4665 naseu
1428 4616 1503 4683 again

481 4689 493 4722 ⁸
511 4686 620 4753 tenpus]
640 4684 741 4737 written
752 4686 834 4738 above
845 4684 951 4738 thelim
1001 4685 1087 4737 batere
1098 4682 1235 4738 adterere

447 4768 475 4819 in
486 4769 519 4817 Α.
1036 4762 1056 4795 ¹⁰
1073 4762 1191 4827 edmero,
1201 4766 1252 4827 A.;
1271 4766 1386 4833 ducere,
1396 4772 1451 4823 MS.
