3625 5784
628 877 899 928 uurossrsrssrs
922 877 1131 929 osrenrces.
1298 952 1300 955 Ι
1344 861 1416 932 247

358 1085 396 1128 ee
449 1066 537 1150 quod
575 1067 684 1152 plures
723 1068 913 1133 vexillarios
956 1070 1135 1154 reliquerat
1170 1075 1246 1155 post
1287 1091 1321 1133 se
1367 1069 1410 1134 ad
1424 1065 1548 1116 Aleuas

358 1169 608 1233 custodiendum
634 1169 748 1232 villam
783 1176 817 1234 et
849 1176 993 1236 cestrum
1029 1173 1070 1236 de
1104 1172 1271 1255 'l'unebrig
1294 1176 1408 1236 contra
1420 1133 1555 1251 &idid

358 1270 512 1336 comitem
544 1271 585 1335 de
618 1271 841 1352 Gleurestria3
873 1279 907 1338 et
940 1280 1012 1338 erat
1046 1274 1095 1338 ibi
1127 1273 1288 1360 juvenilis
1327 1267 1525 1380 stragibu-

359 1373 451 1456 quasi
496 1373 600 1438 tetius
638 1375 768 1440 militiae
810 1397 888 1452 sure,
927 1397 994 1440 nen
1031 1376 1120 1440 enim
1158 1375 1312 1441 credebat
1348 1397 1407 1440 rex
1438 1332 1519 1398 nege.

359 1473 541 1539 adventum
588 1475 747 1540 baronum
796 1483 862 1542 tam
902 1478 1133 1563 propinquum.
1212 1478 1409 1563 Praepamtis

360 1575 438 1642 hinc
461 1582 496 1642 et
519 1578 597 1642 inde
620 1579 733 1664 itaque
757 1579 888 1644 aciebus
912 1578 1197 1644 exhortabantur¹
1221 1579 1410 1644 adinvicem

360 1679 400 1742 ed
440 1684 572 1744 strenue
620 1681 841 1757 militandum,
884 1687 919 1746 et
964 1687 1112 1746 conserto
1157 1683 1251 1766 gravi
1297 1670 1522 1787 praeliefflae·

361 1789 555 1847 corruerunt
609 1783 707 1848 multi
766 1783 933 1868 pedestres
992 1784 1085 1868 quasi
1142 1783 1178 1847 in
1234 1790 1409 1848 momente.
1422 1806 1531 1854 mentor

191 1869 337 1984 pipo-scol.
362 1881 550 1968 Statimque
572 1884 660 1948 filius
691 1885 776 1971 regis
808 1885 990 1950 Edwardns
1016 1907 1087 1949 cum
1112 1886 1182 1950 acie
1213 1907 1273 1949 sua
1295 1891 1409 1970 utpote
1424 1870 1566 1920 ²l⁰b²¹¹'‘'·

259 1973 265 1984 ⁶
357 1985 493 2071 juvenis
524 2009 599 2051 acer
635 1993 669 2053 et
695 1987 789 2052 miles
816 1994 969 2052 strenuus
997 1988 1094 2052 irruit
1126 1989 1160 2051 in
1197 1987 1307 2052 hostes
1334 2009 1408 2052 cum

360 2093 455 2152 tento
494 2089 619 2174 impetu
656 2090 742 2174 qued
782 2111 836 2154 ees
868 2090 1070 2155 retrocedere
1104 2090 1265 2174 compulit
1302 2091 1410 2174 spatio

359 2211 487 2275 magne,
511 2190 560 2254 ita
583 2191 671 2274 quod
693 2191 888 2276 posteriores
912 2191 1047 2275 quidam
1082 2212 1124 2254 ex
1158 2187 1411 2255 retrocessione2

359 2292 528 2357 credentes
553 2293 679 2376 primes
696 2294 863 2369 corruisse,
886 2293 1046 2375 fugerunt
1068 2293 1178 2378 plures
1201 2298 1235 2357 et
1257 2313 1352 2376 aquae
1375 2314 1409 2356 se
1423 2287 1529 2364 Sqeeess
1542 2287 1573 2337 ⁰f

360 2393 527 2458 credentes
553 2395 763 2459 transierunt.
811 2395 979 2460 Submersi
1016 2401 1095 2458 sunt
1131 2394 1254 2458 milites
1281 2394 1410 2458 circiter
1422 2369 1541 2472 lima

361 2495 403 2560 lx.
436 2496 591 2580 caesisque
630 2497 796 2581 aliquibus
832 2496 991 2582 fugerunt
1021 2497 1136 2562 stetim
1164 2496 1409 2561 Lendenienses

360 2598 417 2680 qui
442 2597 564 2683 primes
589 2598 674 2662 ictus
702 2597 779 2662 belli
803 2599 971 2684 petierant
998 2597 1188 2664 discrimina
1210 2598 1409 2682 ignorantes,

360 2719 441 2784 ques
469 2699 704 2784 insequebatur
733 2700 916 2764 Edwardus
943 2722 1018 2764 cum
1054 2706 1166 2765 turma
1191 2721 1252 2762 sua
1281 2699 1410 2765 caedens

360 2804 524 2865 extremos
549 2823 663 2866 eorum
697 2801 805 2887 spatie
842 2801 982 2866 duorum
1017 2801 1183 2866 miliarum
1212 2801 1266 2866 vel
1298 2802 1408 2868 trium.
1423 2787 1546 2904 ffiffiff

360 2901 425 2966 Eos
449 2903 536 2966 euim
572 2903 708 2967 habebit
742 2925 856 2968 exesos
891 2925 951 2988 pre
983 2925 1021 2968 eo
1055 2905 1143 2988 quod
1168 2910 1368 2968 recesserant
1389 2920 1560 2985 aueflyisg

360 3009 453 3088 patre
477 3011 511 3069 et
535 3011 674 3070 matrem
698 3028 791 3070 suam
826 3006 1128 3071 dehonestaverant
1161 3028 1234 3071 curn
1258 3028 1279 3071 a
1300 3005 1410 3071 West·
1424 2987 1580 3040 mm·

360 3107 557 3172 monasterio
580 3129 683 3192 usque
707 3107 853 3193 regiam³
876 3109 1007 3172 Turrim
1030 3130 1089 3194 per
1103 3129 1224 3194 aquam
1251 3107 1410 3174 Tamesiae

360 3209 541 3294 navigaret,
566 3210 761 3295 proicientes
785 3233 826 3274 ex
849 3216 950 3295 pente
974 3210 1008 3273 in
1031 3231 1151 3275 navem
1174 3211 1278 3296 ipsius
1300 3209 1409 3274 lutum

358 3315 392 3374 et
414 3310 548 3396 lapides,
572 3316 606 3376 et
628 3311 864 3377 contumeliosa
886 3313 988 3376 verba
1011 3309 1261 3398 prompserant⁴

404 3411 565 3476 Interim*
588 3435 665 3478 vero
687 3413 767 3477 dum
783 3415 982 3498 sequebatur
1003 3415 1050 3479 sic
1064 3414 1228 3500 fugientes
1243 3415 1411 3479 irruerunt

358 3511 495 3576 barenes
527 3513 561 3576 in
597 3514 700 3579 aciem
724 3514 809 3599 regis
832 3516 1017 3593 secundam,
1041 3516 1205 3600 periitque
1240 3537 1316 3600 pars
1339 3485 1579 3602 ejusgtffimffl

359 3615 511 3693 maxima,
528 3622 562 3680 et
584 3620 699 3702 eaptus
723 3622 773 3681 est
788 3639 845 3680 rex
862 3616 1044 3681 Alemaniae
1059 3639 1133 3682 cum
1150 3617 1295 3681 Reberte
1318 3616 1411 3702 [de]⁰
1423 3620 1494 3683 ‘⁰5⁸¹
1506 3632 1579 3681 army

359 3716 468 3801 Bruys
484 3722 518 3780 et
532 3718 684 3782 «Iohanne
702 3717 831 3802 Oemyn
854 3719 911 3803 qui
929 3718 1042 3783 Scotes
1065 3719 1274 3783 adduxerant
1296 3741 1409 3784 nume·
1423 3693 1538 3802 ffiffi'

359 3838 454 3898 reses,
479 3819 707 3903 pelleremque
732 3826 781 3884 cst
803 3821 888 3884 acies
912 3821 1015 3905 ipsius
1048 3820 1142 3906 regis,
1166 3828 1201 3883 et
1223 3821 1411 3885 dextrarius

360 3919 431 4003 ejus
454 3921 587 3986 eccisus.
646 3921 795 4005 Cumque
822 3921 985 3985 vidissent
1018 3922 1070 3985 sui
1104 3921 1226 3986 multos
1252 3923 1410 3987 corruisse
1509 4004 1515 4016 Ι

360 4029 395 4086 et
432 4023 641 4108 quamplures
679 4024 793 4109 fugem
834 4023 941 4101 inisse,
978 4025 1181 4088 reduxerunt
1220 4045 1329 4109 regem
1374 4023 1411 4087 in
1424 4005 1554 4121 3⁹st

361 4123 553 4188 abbathiam
587 4125 676 4189 unde
708 4124 801 4210 prius
834 4125 971 4200 exierat,
1007 4124 1197 4189 claudentes
1230 4129 1342 4209 portas
1377 4130 1579 4202 eturgeinthe

361 4225 543 4291 custodiam
567 4225 762 4291 adhibentes
778 4247 852 4290 cum
868 4225 983 4289 multis
998 4225 1170 4290 militibus.
1203 4225 1412 4310 Ingressique
1424 4205 1515 4268 abbey.

396 4572 404 4604 ¹
422 4569 665 4632 carracenses,
675 4571 720 4619 hut
731 4571 860 4620 corrected
945 4569 955 4600 ⁴
971 4573 1125 4632 presserat,
1142 4567 1199 4617 MS.

362 4652 396 4714 hy
408 4667 424 4699 e
436 4651 499 4700 later
511 4650 588 4698 haud.
945 4647 1042 4696 ‘Here
1059 4662 1091 4696 ou
1109 4646 1171 4696 beth
1190 4644 1302 4712 margins
1314 4645 1336 4695 is
1348 4645 1411 4694 Bel·

396 4728 614 4786 ²retrocesrione,
643 4729 695 4786 A.;
738 4732 862 4777 ertreres-
914 4725 964 4776 lum
977 4724 1101 4777 deLews.

362 4807 440 4868 sione,
451 4807 510 4858 MS.
946 4803 957 4834 ⁶
974 4805 1019 4870 de]
1039 4805 1104 4854 irem
1117 4805 1166 4866 A.;
1185 4819 1234 4854 om.
1247 4803 1304 4855 MS.

396 4885 407 4918 ³
422 4886 522 4941 recino,
533 4887 605 4938 his:
623 4889 700 4942 reclei.
713 4885 746 4934 A.
