3625 5784
615 881 887 931 mesenensem
909 836 1119 932 canonicor.
1339 867 1406 937 327

346 1069 392 1133 ed
421 1068 514 1133 eliud
543 1069 799 1155 parliamentum
826 1068 1016 1135 Londonies
1047 1070 1084 1135 in
1114 1070 1260 1136 crastino
1291 1068 1403 1135 soncti
1416 1086 1534 1136 Another

349 1170 493 1245 Hillorii,
527 1176 567 1235 ut
596 1170 731 1235 interim
761 1192 837 1235 cum
861 1171 1097 1237 deliberatione
1132 1171 1297 1237 consimili
1331 1151 1565 1269 mei’ffiffi

349 1272 416 1337 lius
445 1272 673 1357 respondeant.
719 1271 930 1338 Adveniente
962 1273 1098 1338 tandem
1128 1273 1182 1338 die
1213 1279 1248 1338 et
1278 1272 1402 1337 ibidem
1416 1284 1512 1334 onthis

349 1372 436 1438 clero
458 1378 663 1459 congregato,
687 1371 937 1439 centuariensis
960 1373 1223 1461 archiepiscopus
1246 1373 1405 1459 magister
1416 1357 1515 1401 mm*

351 1474 540 1539 Robertus¹
556 1475 597 1540 de
613 1474 800 1541 Winchelse
815 1496 833 1539 e
847 1476 1090 1542 communicato
1104 1476 1250 1553 consilio,
1264 1474 1330 1539 hiis
1346 1474 1404 1559 qui

349 1598 373 1642 o
409 1575 492 1640 fecie
530 1576 602 1661 ejus
639 1576 869 1654 mittebantur,
893 1577 1065 1663 respondit
1103 1577 1138 1641 in
1177 1577 1248 1642 haec
1284 1575 1403 1641 verba:

352 1685 370 1712 “
393 1677 483 1743 Satis
515 1679 611 1743 vobis
635 1682 775 1755 constet,
798 1678 926 1743 domini
956 1679 1031 1755 mei,
1062 1700 1123 1743 nec
1154 1679 1258 1743 latere
1293 1672 1405 1763 potest

353 1789 372 1815 “
394 1781 483 1866 quod
527 1782 590 1846 sub
635 1780 855 1867 omnipotenti
894 1781 956 1846 deo
994 1782 1076 1846 duos
1114 1782 1216 1846 etiem
1254 1780 1404 1845 dominos

350 1890 369 1916 ‘¹
391 1882 552 1948 hebemus
597 1882 803 1969 temporales
848 1881 1056 1968 spiritualem
1101 1887 1136 1947 et
1181 1881 1403 1967 temporalem.

352 1992 371 2023 “
394 1984 611 2071 Spirituelem
640 2006 720 2051 vero
751 1983 922 2049 dominum
955 2006 1084 2070 pepem,
1120 1989 1155 2051 et
1189 1983 1404 2070 temporalem

352 2094 371 2122 “
393 2087 564 2153 dominum
586 2091 737 2152 nostrum
760 2107 879 2173 regem,
903 2092 938 2150 et
962 2086 1113 2171 quemvis
1136 2086 1270 2173 utrique
1293 2085 1406 2151 obedi·
1491 2165 1497 2177 Ι

352 2196 370 2223 “
392 2190 518 2255 entiom
556 2189 743 2268 debeamus,
781 2188 939 2274 majorem
964 2193 1077 2253 tomen
1107 2188 1274 2273 spirituali
1306 2210 1405 2274 quem

352 2299 370 2326 “
392 2292 576 2378 temporali.
621 2292 746 2355 Verum
768 2295 808 2355 ut
830 2290 957 2377 placere
980 2291 1143 2375 possimus
1164 2292 1308 2375 utrique,
1328 2312 1405 2356 con·
1419 2308 1571 2361 eounselof

352 2400 371 2427 “
392 2393 538 2458 cedimus
554 2397 588 2457 et
602 2393 736 2458 mittere
754 2392 906 2457 volumus
921 2393 1109 2478 sumptibus
1130 2392 1252 2457 nostris
1267 2394 1405 2458 nuncios
1418 2375 1552 2505 ffisshffi

353 2507 370 2534 “
393 2504 522 2565 nostros
552 2499 710 2585 speciales
740 2499 784 2563 od
814 2499 924 2584 ipsum
955 2504 1083 2583 petrem
1111 2497 1318 2583 spiritualem
1349 2498 1405 2564 do·
1418 2507 1525 2559 canter-

354 2601 522 2665 “minum
568 2622 698 2686 papam,
737 2605 778 2665 ut
814 2600 984 2665 licentium
1034 2599 1162 2685 aliquid
1208 2598 1407 2665 concedendi
1418 2576 1492 2639 bury.

355 2708 372 2737 “
394 2701 514 2767 hebere
548 2702 721 2788 possimus,
760 2700 814 2766 vel
848 2700 967 2766 saltem
1001 2721 1195 2785 responsum
1225 2699 1406 2765 hobeemus

354 2811 372 2837 “
395 2803 439 2869 ob
461 2804 532 2889 ipso
556 2803 637 2889 quid
659 2803 766 2869 facere
790 2802 975 2867 debeamus.
1023 2800 1196 2869 Credimus
1223 2802 1325 2867 etium
1349 2801 1406 2868 do·

354 2906 522 2971 “minum
552 2911 704 2971 nostrum
735 2926 846 2991 regem
869 2906 958 2969 sicut
980 2909 1015 2969 et
1044 2926 1104 2969 nos
1136 2905 1243 2990 ipsam
1277 2925 1408 2971 excom·

356 3017 373 3044 “
394 3008 630 3073 municetionis
668 3008 868 3073 sententiam
905 3005 1106 3071 inbulletum
1145 3012 1180 3072 et
1217 3008 1335 3072 timere
1374 3011 1408 3073 et

353 3118 373 3146 “
397 3109 540 3197 effugere
569 3108 663 3174 velle.
708 3108 762 3173 Ad
793 3109 856 3173 hoc
886 3108 1037 3173 ordinate
1070 3129 1111 3173 ex
1143 3107 1247 3185 vobis,
1281 3108 1409 3173 domini

355 3221 373 3247 “
395 3212 565 3289 carissimi,
588 3232 745 3298 personas
774 3216 881 3276 certes
913 3210 971 3296 qui
1002 3209 1084 3275 tolie
1107 3210 1241 3276 domino
1271 3210 1342 3297 regi
1365 3231 1408 3275 ex

355 3326 372 3353 “
395 3322 490 3403 purte
512 3320 628 3382 nostro
647 3314 850 3381 renuncient
897 3314 967 3381 Nos
988 3315 1077 3380 enim
1098 3316 1237 3380 scientes
1256 3314 1408 3401 indigns·
1420 3335 1569 3400 umescere

356 3420 520 3485 “tionem
554 3416 625 3501 ejus
658 3436 836 3492 accensam,
859 3436 1012 3480 veremur
1033 3416 1116 3482 tolio
1152 3416 1308 3481 nunciare
1340 3404 1556 3519 οω-ξὲξζθθθῦῑ

354 3529 372 3556 “
394 3520 501 3585 nino.”
549 3518 648 3599 Quod
682 3538 758 3584 cum
796 3518 862 3603 ipsi
892 3517 1058 3597 fecissent,
1089 3539 1168 3583 mox
1198 3518 1292 3583 furor
1322 3540 1408 3605 regis
1420 3534 1490 3601 king.
1528 3534 1575 3584 His

354 3623 487 3688 iusserit
521 3626 557 3687 et
587 3620 774 3686 excandens
804 3620 841 3684 in
870 3620 955 3685 irem
986 3620 1096 3706 ipsum
1135 3620 1407 3686 Contuoriensem
1420 3602 1574 3718 ζῗξζξζξῖ]

354 3724 635 3810 archiepiscopum
665 3743 741 3787 cum
772 3726 846 3786 toto
868 3721 956 3787 clero
978 3722 1163 3807 Anglicono
1186 3728 1283 3788 extre
1313 3733 1498 3789 suomofhis

355 3827 592 3914 protectionem
623 3831 658 3889 et
689 3824 914 3890 defensionem
936 3824 1058 3909 posuit.
1105 3826 1332 3911 Praecepitque
1367 3830 1407 3891 ut
1418 3798 1562 3915 imi?

355 3949 469 3996 omnes
491 3933 589 3994 terrae
615 3926 717 3991 etiam
747 3925 874 3991 dotales
905 3926 1010 3991 totius
1043 3925 1186 4013 ecclesiee
1213 3927 1406 4014 Angliccnae
1419 3932 1512 3999 clergy.

355 4029 393 4093 in
417 4049 554 4093 monum
577 4028 682 4113 ipsius
713 4024 929 4092 seisircntur.²
974 4026 1020 4091 Et
1042 4033 1155 4092 tumen
1188 4031 1228 4091 ut
1261 4028 1407 4092 ereditur

354 4128 576 4196 miroculose³
597 4128 739 4214 contigit
761 4128 850 4214 quod
873 4126 989 4193 eedem
1012 4128 1066 4192 die
1089 4149 1156 4213 que
1173 4128 1295 4193 clerum
1311 4133 1407 4193 extre

354 4232 592 4319 protectionem
624 4250 720 4295 suum
750 4234 905 4315 posuerat
927 4227 1056 4293 confusi
1087 4233 1167 4294 sunt
1200 4228 1323 4293 milites
1353 4230 1406 4295 sui
1419 4248 1560 4365 pernotatis

1437 4330 1492 4365 eea
1513 4332 1540 4364 ln

1419 4381 1526 4433 Fronce.

389 4554 398 4586 ¹
415 4555 484 4605 llere
502 4568 536 4603 on
553 4552 617 4603 both
633 4551 746 4618 margins
764 4550 785 4602 io
802 4552 857 4603 Ro-
940 4552 952 4586 ⁸
969 4552 1039 4603 Here
1049 4567 1084 4602 on
1094 4552 1157 4601 both
1169 4550 1281 4619 margins
1299 4550 1321 4603 is
1333 4550 1408 4604 Noto

354 4633 440 4684 tenus
457 4632 489 4682 de
513 4630 660 4696 Wyuclteloe
676 4629 857 4696 Aretiepisco·
907 4628 991 4679 eodem
1003 4628 1103 4694 dieque
1115 4631 1204 4681 exemit
1218 4630 1408 4697 clmemapro·

352 4728 405 4777 pus
417 4709 623 4761 centuariensis.
906 4710 1011 4759 tectione
1029 4709 1091 4760 victi
1108 4714 1166 4760 nort
1184 4708 1265 4777 Anyti
1288 4711 1316 4761 in
1342 4710 1409 4763 Vae·

388 4788 399 4822 ¹
415 4793 588 4855 aptarentur,
599 4788 655 4837 Ms.
906 4788 991 4840 conia.
