3625 5784
621 877 895 930 navensrnnrsrs
918 878 1122 928 ousorrcor
1365 869 1408 932 23

351 1071 398 1136 eis
435 1071 599 1138 visionem
637 1091 731 1138 suam
770 1092 869 1158 quam
904 1071 948 1136 ab
986 1072 1104 1158 angelo
1135 1072 1299 1152 audierat,
1331 1093 1407 1140 cum
1421 1061 1559 1112 *imm

351 1172 471 1259 quibus
494 1179 530 1240 et
552 1179 681 1261 portam
704 1175 907 1261 resignatam
930 1174 1018 1261 petit
1047 1181 1083 1239 et
1115 1175 1271 1253 ascendit,
1294 1175 1406 1262 ibique
1417 1135 1565 1245 ffiffi'm,

351 1297 453 1361 usque
476 1275 520 1342 ad
541 1276 645 1343 altam
672 1277 813 1364 primam
837 1282 1017 1364 pausantes
1039 1276 1163 1341 multas
1184 1282 1301 1363 gentes
1323 1299 1405 1364 pau·

350 1399 443 1464 peres
465 1379 647 1444 etdivites
669 1380 795 1445 intrare
817 1379 984 1444 viderunt.
1033 1378 1097 1443 Sed
1114 1383 1190 1464 post
1211 1378 1405 1446 diuturnam

350 1501 474 1546 moram
506 1481 620 1546 venire
652 1481 814 1547 videbant
837 1479 966 1545 unum¹
989 1480 1174 1568 elegantem
1205 1488 1403 1562 cursantem,
1416 1475 1564 1554 'incomm-

350 1581 391 1646 de
423 1601 491 1647 una
522 1581 671 1648 selauma
701 1581 779 1648 alba
801 1582 965 1647 vestitum
999 1586 1034 1646 et
1065 1603 1170 1646 unum
1201 1589 1328 1649 sertum
1363 1557 1573 1660 deffissffl

350 1682 433 1750 albis
465 1685 548 1750 rosis
582 1685 619 1749 in
650 1685 758 1771 capite
791 1689 917 1750 tectum
955 1684 1144 1770 fustemque
1175 1686 1334 1771 grandem
1367 1687 1404 1750 in
1417 1674 1561 1780 ΜΨ

349 1807 450 1853 mann
484 1787 657 1864 ferentem,
679 1787 738 1852 sed
761 1785 907 1851 multum
943 1792 1015 1852 erat
1049 1786 1245 1853 debilitatus
1275 1794 1310 1854 et
1336 1789 1402 1854 dis·
1415 1742 1527 1858 dicim}

349 1887 511 1954 coloratus
534 1888 769 1973 anxietateque
785 1887 969 1953 minoratus
984 1909 1023 1952 eo
1039 1888 1127 1973 quod
1149 1888 1290 1975 nudipes
1312 1889 1402 1955 labo·
1462 1963 1467 1972 .

348 1991 445 2068 ravit,
475 1990 678 2076 barbamque
712 1988 877 2076 prolixam
911 1989 1038 2054 habuit.
1094 1990 1200 2070 Quem
1233 2010 1309 2056 cum
1344 2013 1403 2057 rex

348 2091 536 2158 intueretur
558 2097 593 2157 et
615 2113 674 2179 per
697 2089 873 2178 exempla2
895 2091 1034 2155 visionis
1063 2098 1276 2177 cognosceret
1297 2112 1319 2157 a
1341 2093 1404 2158 deo

347 2193 411 2258 sibi
433 2194 581 2272 missum,
603 2194 693 2258 ultra
726 2215 826 2280 quam
860 2192 927 2258 dici
957 2197 1068 2278 potest
1098 2193 1232 2260 laetatus
1255 2199 1313 2260 est.
1359 2194 1403 2260 Et

348 2294 595 2362 comilitonibus
610 2297 668 2376 ait,
686 2301 705 2330 “
715 2294 817 2382 llya‚”
840 2296 960 2381 inquit,
985 2295 1076 2381 “jam
1092 2296 1188 2361 adest
1202 2301 1292 2362 certe
1307 2318 1402 2383 pere-

349 2406 366 2433 “
388 2397 514 2485 grinus‚
536 2398 600 2464 iste
623 2402 673 2463 est
696 2397 754 2483 qui
778 2397 958 2462 nefandum
975 2395 1215 2463 Golibrandum
1236 2399 1403 2465 occisurus

348 2507 365 2534 '‘
389 2499 466 2566 est.’'
521 2499 576 2565 Ad
608 2520 706 2586 quem
744 2521 926 2564 sermonem
965 2497 1145 2585 palmarius
1178 2500 1335 2566 accedens
1367 2505 1402 2566 et

348 2623 458 2689 regem
480 2621 519 2669 ac
554 2602 722 2689 episcopos
753 2606 943 2666 reverenter
965 2605 1053 2666 serto
1076 2601 1227 2688 deposito
1250 2601 1401 2668 salutans
1415 2601 1506 2654 &¹¹0¹-

348 2703 505 2770 festinato
519 2703 603 2790 pede
618 2703 749 2790 ingredi
764 2702 936 2769 civitatem
953 2701 1098 2768 velocius
1114 2702 1251 2780 laborat
1268 2703 1326 2769 sed
1341 2725 1401 2769 rex
1413 2670 1546 2786 fflssd‘

347 2809 425 2872 ante
449 2826 525 2872 eum
548 2805 673 2872 salutat
696 2811 731 2872 et
762 2827 821 2892 per
855 2811 981 2871 vestem
1015 2806 1146 2882 retinet,
1168 2807 1222 2870 cui
1246 2811 1281 2871 et
1303 2806 1400 2871 dixit.
1413 2801 1474 2852 him.

347 2915 364 2944 ‘¹
387 2907 529 2974 Domine
567 2909 738 2996 peregrine
771 2908 800 2972 si
835 2906 964 2994 placeat
1002 2907 1096 2972 vobis
1133 2906 1279 2971 audiatis
1312 2907 1404 2972 dicta

348 3017 366 3044 “
386 3015 501 3076 nostra
523 3031 582 3097 pro
604 3009 666 3074 deo
702 3008 952 3096 hospiciumque
986 3008 1127 3094 capiatis
1157 3007 1329 3073 nobiscum
1363 3012 1403 3073 ut

347 3119 365 3145 ‘¹
389 3110 502 3198 aliqua
516 3132 605 3178 nova
627 3112 799 3177 audiamus
815 3112 856 3176 de
873 3109 993 3176 vobis.''
1041 3109 1215 3174 “Domine
1238 3109 1404 3195 regraoior

347 3222 364 3250 “
387 3214 508 3294 vobis,’'
531 3213 619 3279 dixit
650 3213 838 3300 palmarius,
873 3213 1048 3278 “nondum
1082 3212 1175 3278 venit
1208 3210 1290 3278 hora
1326 3211 1401 3278 hos·
1414 3217 1510 3298 Hyde·

347 3323 366 3354 “
388 3316 528 3403 pitandi,
553 3316 611 3383 sed
633 3318 725 3403 prius
748 3315 804 3381 ibo
826 3315 870 3381 ad
893 3315 1044 3381 ecclesias
1067 3315 1215 3382 civitatis
1237 3336 1299 3402 pro
1329 3286 1547 3404 ρωᾞθέἕ

347 3427 364 3454 “
387 3419 479 3486 cibus
502 3420 583 3485 meis
611 3420 794 3498 offerendis,
811 3418 930 3484 deinde
957 3420 1038 3484 vitae
1059 3417 1253 3485 alimoniam
1275 3368 1571 3504 aliqua-ivulttlib·

317 3545 323 3558 ·
349 3528 515 3608 “cunque
549 3541 704 3608 quaersm,
728 3525 762 3586 et
795 3525 877 3586 tunc
907 3519 949 3585 de
982 3520 1049 3584 ist-a
1077 3520 1215 3585 civitate
1246 3520 1302 3585 ibo
1336 3541 1402 3606 quo

348 3623 495 3688 “iturus
527 3643 600 3688 sum
632 3622 675 3688 ad
710 3621 873 3709 agendam
908 3620 1145 3707 poenitenciam
1179 3642 1239 3707 pro
1271 3621 1401 3687 delictis

348 3733 364 3760 ‘⁴
386 3723 495 3792 meis.”
540 3723 712 3791 “Domine
745 3722 945 3810 peregrine‚'’
984 3723 1073 3788 dixit
1099 3722 1319 3789 Athelstanus
1351 3723 1401 3803 ei3

347 3835 363 3862 “
387 3824 517 3915 [Scis]³
538 3826 579 3892 de
603 3846 670 3913 qua
699 3846 799 3891 causa
821 3831 856 3891 te
878 3823 935 3890 hic
948 3830 1018 3890 tam
1041 3825 1101 3890 diu
1124 3826 1401 3911 expectavimust

347 3929 548 3996 “Voluntas
578 3928 632 3994 dei
662 3928 765 3994 nostri
791 3933 905 3993 estut
936 3927 1035 3994 ferias
1065 3927 1191 3994 bellum
1213 3950 1288 3994 eum
1312 3928 1400 3996 coli-
1414 3926 1541 4006 mering

346 4041 362 4068 “
385 4031 511 4098 brando
544 4031 721 4118 nephando
756 4031 921 4097 Saraceno
951 4028 1075 4096 Affrico
1110 4031 1147 4096 in
1181 4031 1401 4098 salvationem
1413 3995 1528 4111 {iffi-{⁸

344 4144 363 4171 ‘¹
384 4135 487 4202 totius
516 4133 627 4222 gentis
657 4139 779 4199 nostras
813 4132 1007 4220 Anglicanae
1045 4138 1079 4199 et
1116 4133 1347 4200 liberationem
1381 4127 1511 4200 affl

346 4238 465 4325 “jugo
488 4237 660 4304 servitutis
682 4237 847 4324 imposito.
890 4236 979 4303 Nam
1001 4258 1060 4302 rex
1083 4235 1195 4303 Daciae
1219 4237 1346 4302 Olavus
1367 4242 1403 4303 et
1414 4193 1536 4325 met?

931 4488 1037 4540 ²1nA.
1058 4488 1156 4539 alater
1175 4487 1244 4539 hand
1262 4487 1310 4539 lias
1326 4491 1402 4542 made

344 4611 417 4678 prim.
435 4627 520 4674 manu,
539 4613 587 4664 but
606 4611 688 4662 rima
708 4625 758 4663 see.
778 4625 846 4661 man.
898 4565 1321 4713 ῑὴῖἒῖἶίῃᾶζᾝῆῖῃω
1337 4645 1402 4700 im

344 4689 541 4744 ''litum‘'
897 4723 1147 4777 imminua

378 4529 487 4596 lurum,
509 4529 568 4584 MS.
604 4531 636 4583 A.
662 4529 709 4581 has
737 4528 847 4596 nothing
