<?xml version="1.0" encoding="UTF-8"?>
<!DOCTYPE html PUBLIC "-//W3C//DTD XHTML 1.0 Transitional//EN"
    "http://www.w3.org/TR/xhtml1/DTD/xhtml1-transitional.dtd">
<html xmlns="http://www.w3.org/1999/xhtml" xml:lang="en" lang="en">
 <head>
  <title>
</title>
<meta http-equiv="Content-Type" content="text/html;charset=utf-8" />
  <meta name='ocr-system' content='tesseract 3.04.00' />
  <meta name='ocr-capabilities' content='ocr_page ocr_carea ocr_par ocr_line ocrx_word'/>
</head>
<body>
  <div class='ocr_page' id='page_1' title='image "./chroniconhenric00lumbgoog_0205.png"; bbox 0 0 3625 5784; ppageno 0'>
   <div class='ocr_carea' id='block_1_1' title="bbox 390 823 1090 887">
    <p class='ocr_par' dir='ltr' id='par_1_1' title="bbox 390 823 1090 887">
     <span class='ocr_line' id='line_1_1' title="bbox 390 823 1090 887; baseline -0.004 0"><span class='ocrx_word' id='word_1_1' title='bbox 390 823 453 887; x_wconf 76' lang='lat'><strong>182</strong></span> <span class='ocrx_word' id='word_1_2' title='bbox 737 833 882 886; x_wconf 74' lang='lat' dir='ltr'><strong>sermm</strong></span> <span class='ocrx_word' id='word_1_3' title='bbox 907 835 1090 886; x_wconf 74' lang='lat' dir='ltr'><strong>munros</strong></span> 
     </span>
    </p>
   </div>
   <div class='ocr_carea' id='block_1_2' title="bbox 385 1021 1592 4058">
    <p class='ocr_par' dir='ltr' id='par_1_2' title="bbox 385 1021 1592 4058">
     <span class='ocr_line' id='line_1_2' title="bbox 389 1021 1439 1106; baseline 0.003 -19"><span class='ocrx_word' id='word_1_4' title='bbox 389 1021 473 1087; x_wconf 85' lang='lat' dir='ltr'><strong>riusl</strong></span> <span class='ocrx_word' id='word_1_5' title='bbox 496 1032 593 1106; x_wconf 89' lang='lat' dir='ltr'><strong>ipsum</strong></span> <span class='ocrx_word' id='word_1_6' title='bbox 628 1031 902 1098; x_wconf 80' lang='lat' dir='ltr'><strong>excommunicavit,</strong></span> <span class='ocrx_word' id='word_1_7' title='bbox 936 1037 967 1088; x_wconf 90' lang='lat' dir='ltr'><strong>et</strong></span> <span class='ocrx_word' id='word_1_8' title='bbox 996 1050 1097 1089; x_wconf 85' lang='lat' dir='ltr'><strong>omnes</strong></span> <span class='ocrx_word' id='word_1_9' title='bbox 1131 1033 1169 1088; x_wconf 89' lang='lat' dir='ltr'><strong>ab</strong></span> <span class='ocrx_word' id='word_1_10' title='bbox 1199 1031 1263 1103; x_wconf 87' lang='lat' dir='ltr'><strong>ejus</strong></span> <span class='ocrx_word' id='word_1_11' title='bbox 1297 1033 1439 1091; x_wconf 88' lang='lat' dir='ltr'><strong>fidelitate</strong></span> 
     </span>
     <span class='ocr_line' id='line_1_3' title="bbox 391 1121 1437 1194; baseline 0 -16"><span class='ocrx_word' id='word_1_12' title='bbox 391 1122 523 1179; x_wconf 81' lang='lat' dir='ltr'><strong>absolvit</strong></span> <span class='ocrx_word' id='word_1_13' title='bbox 566 1121 658 1192; x_wconf 82' lang='lat' dir='ltr'><strong>Quam</strong></span> <span class='ocrx_word' id='word_1_14' title='bbox 689 1122 807 1194; x_wconf 90' lang='lat' dir='ltr'><strong>quidem</strong></span> <span class='ocrx_word' id='word_1_15' title='bbox 832 1121 1008 1179; x_wconf 86' lang='lat' dir='ltr'><strong>sententiam</strong></span> <span class='ocrx_word' id='word_1_16' title='bbox 1031 1122 1188 1194; x_wconf 81' lang='lat' dir='ltr'><strong>Gregorius</strong></span> <span class='ocrx_word' id='word_1_17' title='bbox 1212 1123 1251 1178; x_wconf 85' lang='lat' dir='ltr'><strong>ix.</strong></span> <span class='ocrx_word' id='word_1_18' title='bbox 1275 1122 1437 1179; x_wconf 76' lang='lat' dir='ltr'>innovavit.</span> 
     </span>
     <span class='ocr_line' id='line_1_4' title="bbox 392 1211 1438 1284; baseline 0.001 -17"><span class='ocrx_word' id='word_1_19' title='bbox 392 1211 453 1268; x_wconf 84' lang='lat' dir='ltr'><strong>Iste</strong></span> <span class='ocrx_word' id='word_1_20' title='bbox 475 1211 645 1268; x_wconf 73' lang='lat' dir='ltr'><strong>Enedericns</strong></span> <span class='ocrx_word' id='word_1_21' title='bbox 667 1212 829 1268; x_wconf 88' lang='lat' dir='ltr'><strong>Henrioum</strong></span> <span class='ocrx_word' id='word_1_22' title='bbox 851 1211 947 1266; x_wconf 82' lang='lat' dir='ltr'><strong>filium</strong></span> <span class='ocrx_word' id='word_1_23' title='bbox 973 1229 1058 1267; x_wconf 90' lang='lat' dir='ltr'><strong>auum</strong></span> <span class='ocrx_word' id='word_1_24' title='bbox 1081 1213 1231 1284; x_wconf 90' lang='lat' dir='ltr'><strong>proprium</strong></span> <span class='ocrx_word' id='word_1_25' title='bbox 1253 1212 1438 1268; x_wconf 84' lang='lat' dir='ltr'><strong>Alamanniae</strong></span> 
     </span>
     <span class='ocr_line' id='line_1_5' title="bbox 391 1301 1438 1374; baseline 0.001 -18"><span class='ocrx_word' id='word_1_26' title='bbox 391 1318 490 1372; x_wconf 85' lang='lat' dir='ltr'><strong>regem</strong></span> <span class='ocrx_word' id='word_1_27' title='bbox 513 1301 635 1357; x_wconf 86' lang='lat' dir='ltr'><strong>carceris</strong></span> <span class='ocrx_word' id='word_1_28' title='bbox 658 1302 791 1374; x_wconf 86' lang='lat' dir='ltr'><strong>squalore</strong></span> <span class='ocrx_word' id='word_1_29' title='bbox 822 1301 987 1370; x_wconf 81' lang='lat' dir='ltr'><strong>suffocavit,</strong></span> <span class='ocrx_word' id='word_1_30' title='bbox 1017 1301 1153 1372; x_wconf 77' lang='lat' dir='ltr'><strong>praelatoa</strong></span> <span class='ocrx_word' id='word_1_31' title='bbox 1184 1319 1257 1373; x_wconf 89' lang='lat' dir='ltr'><strong>quos</strong></span> <span class='ocrx_word' id='word_1_32' title='bbox 1280 1302 1438 1372; x_wconf 74' lang='lat' dir='ltr'>Gregorius</span> 
     </span>
     <span class='ocr_line' id='line_1_6' title="bbox 392 1389 1438 1462; baseline 0 -16"><span class='ocrx_word' id='word_1_33' title='bbox 392 1389 431 1445; x_wconf 86' lang='lat' dir='ltr'><strong>ix.</strong></span> <span class='ocrx_word' id='word_1_34' title='bbox 463 1390 501 1446; x_wconf 89' lang='lat' dir='ltr'><strong>ad</strong></span> <span class='ocrx_word' id='word_1_35' title='bbox 523 1391 679 1446; x_wconf 88' lang='lat' dir='ltr'><strong>concilium</strong></span> <span class='ocrx_word' id='word_1_36' title='bbox 713 1391 848 1462; x_wconf 82' lang='lat' dir='ltr'><strong>generale</strong></span> <span class='ocrx_word' id='word_1_37' title='bbox 879 1395 1033 1447; x_wconf 85' lang='lat' dir='ltr'><strong>vocaverat</strong></span> <span class='ocrx_word' id='word_1_38' title='bbox 1063 1390 1128 1462; x_wconf 88' lang='lat' dir='ltr'><strong>oapi</strong></span> <span class='ocrx_word' id='word_1_39' title='bbox 1158 1390 1237 1458; x_wconf 83' lang='lat' dir='ltr'><strong>fecit,</strong></span> <span class='ocrx_word' id='word_1_40' title='bbox 1261 1396 1292 1446; x_wconf 92' lang='lat' dir='ltr'><strong>at</strong></span> <span class='ocrx_word' id='word_1_41' title='bbox 1313 1391 1438 1446; x_wconf 79' lang='lat' dir='ltr'><strong>duranto</strong></span> 
     </span>
     <span class='ocr_line' id='line_1_7' title="bbox 392 1479 1436 1551; baseline 0.001 -17"><span class='ocrx_word' id='word_1_42' title='bbox 392 1479 538 1535; x_wconf 89' lang='lat' dir='ltr'><strong>sententia</strong></span> <span class='ocrx_word' id='word_1_43' title='bbox 562 1496 620 1551; x_wconf 89' lang='lat' dir='ltr'><strong>qua</strong></span> <span class='ocrx_word' id='word_1_44' title='bbox 651 1479 808 1536; x_wconf 77' lang='lat' dir='ltr'><strong>innodatus</strong></span> <span class='ocrx_word' id='word_1_45' title='bbox 841 1481 938 1536; x_wconf 87' lang='lat' dir='ltr'><strong>fuerat</strong></span> <span class='ocrx_word' id='word_1_46' title='bbox 965 1480 1084 1535; x_wconf 84' lang='lat' dir='ltr'><strong>Terram</strong></span> <span class='ocrx_word' id='word_1_47' title='bbox 1110 1485 1242 1536; x_wconf 82' lang='lat' dir='ltr'><strong>sanctam</strong></span> <span class='ocrx_word' id='word_1_48' title='bbox 1266 1480 1350 1546; x_wconf 91' lang='lat' dir='ltr'><strong>adiit,</strong></span> <span class='ocrx_word' id='word_1_49' title='bbox 1376 1498 1436 1535; x_wconf 85' lang='lat' dir='ltr'><strong>ma·</strong></span> 
     </span>
     <span class='ocr_line' id='line_1_8' title="bbox 389 1566 1437 1642; baseline 0.003 -19"><span class='ocrx_word' id='word_1_50' title='bbox 389 1566 483 1638; x_wconf 87' lang='lat' dir='ltr'><strong>jerem</strong></span> <span class='ocrx_word' id='word_1_51' title='bbox 513 1568 621 1624; x_wconf 78' lang='lat' dir='ltr'><strong>ibidem</strong></span> <span class='ocrx_word' id='word_1_52' title='bbox 648 1568 815 1642; x_wconf 89' lang='lat' dir='ltr'><strong>relinquens</strong></span> <span class='ocrx_word' id='word_1_53' title='bbox 840 1569 1047 1626; x_wconf 73' lang='lat' dir='ltr'><strong>desolationem</strong></span> <span class='ocrx_word' id='word_1_54' title='bbox 1079 1586 1168 1640; x_wconf 91' lang='lat' dir='ltr'><strong>quam</strong></span> <span class='ocrx_word' id='word_1_55' title='bbox 1201 1569 1437 1626; x_wconf 86' lang='lat' dir='ltr'><strong>consolationem.</strong></span> 
     </span>
     <span class='ocr_line' id='line_1_9' title="bbox 392 1657 1438 1730; baseline 0.002 -18"><span class='ocrx_word' id='word_1_56' title='bbox 392 1657 522 1714; x_wconf 80' lang='lat' dir='ltr'><strong>Tandem</strong></span> <span class='ocrx_word' id='word_1_57' title='bbox 543 1677 561 1714; x_wconf 89' lang='lat' dir='ltr'><strong>a</strong></span> <span class='ocrx_word' id='word_1_58' title='bbox 584 1676 659 1730; x_wconf 90' lang='lat' dir='ltr'><strong>papa</strong></span> <span class='ocrx_word' id='word_1_59' title='bbox 682 1659 854 1715; x_wconf 75' lang='lat' dir='ltr'><strong>Innocentio</strong></span> <span class='ocrx_word' id='word_1_60' title='bbox 877 1657 931 1730; x_wconf 90' lang='lat' dir='ltr'><strong>iiij.</strong></span> <span class='ocrx_word' id='word_1_61' title='bbox 954 1657 1103 1730; x_wconf 89' lang='lat' dir='ltr'><strong>depositus</strong></span> <span class='ocrx_word' id='word_1_62' title='bbox 1124 1663 1179 1724; x_wconf 82' lang='lat' dir='ltr'><strong>est,</strong></span> <span class='ocrx_word' id='word_1_63' title='bbox 1202 1663 1233 1714; x_wconf 88' lang='lat' dir='ltr'><strong>et</strong></span> <span class='ocrx_word' id='word_1_64' title='bbox 1255 1658 1325 1713; x_wconf 91' lang='lat' dir='ltr'><strong>dum</strong></span> <span class='ocrx_word' id='word_1_65' title='bbox 1348 1677 1438 1730; x_wconf 90' lang='lat' dir='ltr'><strong>quan·</strong></span> 
     </span>
     <span class='ocr_line' id='line_1_10' title="bbox 391 1745 1439 1819; baseline 0 -17"><span class='ocrx_word' id='word_1_66' title='bbox 391 1745 458 1802; x_wconf 87' lang='lat' dir='ltr'><strong>dam</strong></span> <span class='ocrx_word' id='word_1_67' title='bbox 481 1747 577 1804; x_wconf 77' lang='lat' dir='ltr'><strong>Italiae</strong></span> <span class='ocrx_word' id='word_1_68' title='bbox 609 1749 710 1803; x_wconf 81' lang='lat' dir='ltr'><strong>urbem</strong></span> <span class='ocrx_word' id='word_1_69' title='bbox 745 1748 898 1814; x_wconf 71' lang='lat' dir='ltr'><strong>obsideret,</strong></span> <span class='ocrx_word' id='word_1_70' title='bbox 922 1748 1037 1803; x_wconf 84' lang='lat' dir='ltr'><strong>amissis</strong></span> <span class='ocrx_word' id='word_1_71' title='bbox 1065 1748 1210 1804; x_wconf 72' lang='lat' dir='ltr'><strong>thesauris</strong></span> <span class='ocrx_word' id='word_1_72' title='bbox 1236 1765 1287 1819; x_wconf 88' lang='lat' dir='ltr'><strong>por</strong></span> <span class='ocrx_word' id='word_1_73' title='bbox 1310 1748 1439 1819; x_wconf 78' lang='lat' dir='ltr'><strong>legatum</strong></span> 
     </span>
     <span class='ocr_line' id='line_1_11' title="bbox 391 1836 1438 1909; baseline 0 -17"><span class='ocrx_word' id='word_1_74' title='bbox 391 1854 474 1909; x_wconf 77' lang='lat' dir='ltr'><strong>papas</strong></span> <span class='ocrx_word' id='word_1_75' title='bbox 508 1854 599 1908; x_wconf 90' lang='lat' dir='ltr'><strong>usque</strong></span> <span class='ocrx_word' id='word_1_76' title='bbox 630 1837 662 1892; x_wconf 92' lang='lat' dir='ltr'><strong>in</strong></span> <span class='ocrx_word' id='word_1_77' title='bbox 686 1837 824 1909; x_wconf 80' lang='lat' dir='ltr'><strong>Apuliam</strong></span> <span class='ocrx_word' id='word_1_78' title='bbox 859 1838 979 1908; x_wconf 85' lang='lat' dir='ltr'><strong>fugatus</strong></span> <span class='ocrx_word' id='word_1_79' title='bbox 1009 1841 1062 1904; x_wconf 89' lang='lat' dir='ltr'><strong>eat,</strong></span> <span class='ocrx_word' id='word_1_80' title='bbox 1085 1837 1137 1892; x_wconf 91' lang='lat' dir='ltr'><strong>ubi</strong></span> <span class='ocrx_word' id='word_1_81' title='bbox 1161 1836 1327 1892; x_wconf 79' lang='lat' dir='ltr'><strong>infirmatus</strong></span> <span class='ocrx_word' id='word_1_82' title='bbox 1357 1836 1438 1892; x_wconf 90' lang='lat' dir='ltr'><strong>obiit.</strong></span> 
     </span>
     <span class='ocr_line' id='line_1_12' title="bbox 391 1915 1438 1999; baseline -0.001 -17"><span class='ocrx_word' id='word_1_83' title='bbox 391 1926 436 1982; x_wconf 75' lang='lat' dir='ltr'><strong>Eo</strong></span> <span class='ocrx_word' id='word_1_84' title='bbox 458 1915 610 1999; x_wconf 79' lang='lat' dir='ltr'><strong>tompore²</strong></span> <span class='ocrx_word' id='word_1_85' title='bbox 633 1930 723 1983; x_wconf 85' lang='lat' dir='ltr'><strong>tantus</strong></span> <span class='ocrx_word' id='word_1_86' title='bbox 746 1926 862 1999; x_wconf 81' lang='lat' dir='ltr'><strong>pluvias,</strong></span> <span class='ocrx_word' id='word_1_87' title='bbox 879 1927 1007 1982; x_wconf 83' lang='lat' dir='ltr'><strong>tonitrus</strong></span> <span class='ocrx_word' id='word_1_88' title='bbox 1030 1931 1061 1984; x_wconf 87' lang='lat' dir='ltr'><strong>et</strong></span> <span class='ocrx_word' id='word_1_89' title='bbox 1082 1926 1240 1998; x_wconf 85' lang='lat' dir='ltr'><strong>grandines</strong></span> <span class='ocrx_word' id='word_1_90' title='bbox 1262 1927 1438 1994; x_wconf 87' lang='lat' dir='ltr'><strong>ceciderunt,</strong></span> 
     </span>
     <span class='ocr_line' id='line_1_13' title="bbox 391 2014 1439 2089; baseline 0.001 -20"><span class='ocrx_word' id='word_1_91' title='bbox 391 2019 425 2070; x_wconf 91' lang='lat' dir='ltr'><strong>ut</strong></span> <span class='ocrx_word' id='word_1_92' title='bbox 448 2015 558 2087; x_wconf 87' lang='lat' dir='ltr'><strong>lapides</strong></span> <span class='ocrx_word' id='word_1_93' title='bbox 580 2015 617 2071; x_wconf 82' lang='lat' dir='ltr'><strong>ad</strong></span> <span class='ocrx_word' id='word_1_94' title='bbox 648 2014 841 2087; x_wconf 72' lang='lat' dir='ltr'><strong>quantitatem</strong></span> <span class='ocrx_word' id='word_1_95' title='bbox 871 2032 990 2072; x_wconf 83' lang='lat' dir='ltr'><strong>ovorum</strong></span> <span class='ocrx_word' id='word_1_96' title='bbox 1025 2015 1219 2089; x_wconf 76' lang='lat' dir='ltr'><strong>quadranguli</strong></span> <span class='ocrx_word' id='word_1_97' title='bbox 1252 2015 1339 2072; x_wconf 85' lang='lat' dir='ltr'><strong>mixti</strong></span> <span class='ocrx_word' id='word_1_98' title='bbox 1372 2033 1439 2070; x_wconf 89' lang='lat' dir='ltr'><strong>cnm</strong></span> 
     </span>
     <span class='ocr_line' id='line_1_14' title="bbox 393 2104 1438 2177; baseline 0.004 -19"><span class='ocrx_word' id='word_1_99' title='bbox 393 2104 491 2176; x_wconf 77' lang='lat' dir='ltr'><strong>pluvia</strong></span> <span class='ocrx_word' id='word_1_100' title='bbox 514 2104 550 2161; x_wconf 89' lang='lat' dir='ltr'><strong>de</strong></span> <span class='ocrx_word' id='word_1_101' title='bbox 573 2104 646 2160; x_wconf 88' lang='lat' dir='ltr'><strong>ooelo</strong></span> <span class='ocrx_word' id='word_1_102' title='bbox 671 2104 886 2170; x_wconf 85' lang='lat' dir='ltr'><strong>descenderent,</strong></span> <span class='ocrx_word' id='word_1_103' title='bbox 911 2104 1016 2177; x_wconf 87' lang='lat' dir='ltr'><strong>quibus</strong></span> <span class='ocrx_word' id='word_1_104' title='bbox 1049 2105 1175 2172; x_wconf 89' lang='lat' dir='ltr'><strong>arborea,</strong></span> <span class='ocrx_word' id='word_1_105' title='bbox 1197 2105 1302 2171; x_wconf 78' lang='lat' dir='ltr'><strong>vineae,</strong></span> <span class='ocrx_word' id='word_1_106' title='bbox 1326 2111 1438 2176; x_wconf 82' lang='lat' dir='ltr'><strong>segetes</strong></span> 
     </span>
     <span class='ocr_line' id='line_1_15' title="bbox 391 2193 1438 2267; baseline 0.002 -19"><span class='ocrx_word' id='word_1_107' title='bbox 391 2193 517 2248; x_wconf 90' lang='lat' dir='ltr'><strong>multum</strong></span> <span class='ocrx_word' id='word_1_108' title='bbox 539 2198 609 2249; x_wconf 89' lang='lat' dir='ltr'><strong>aunt</strong></span> <span class='ocrx_word' id='word_1_109' title='bbox 632 2193 796 2260; x_wconf 80' lang='lat' dir='ltr'><strong>desirantes,</strong></span> <span class='ocrx_word' id='word_1_110' title='bbox 820 2193 953 2250; x_wconf 87' lang='lat' dir='ltr'><strong>homines</strong></span> <span class='ocrx_word' id='word_1_111' title='bbox 979 2199 1049 2250; x_wconf 91' lang='lat' dir='ltr'><strong>sunt</strong></span> <span class='ocrx_word' id='word_1_112' title='bbox 1081 2194 1211 2261; x_wconf 90' lang='lat' dir='ltr'><strong>contriti,</strong></span> <span class='ocrx_word' id='word_1_113' title='bbox 1235 2199 1265 2250; x_wconf 88' lang='lat' dir='ltr'><strong>et</strong></span> <span class='ocrx_word' id='word_1_114' title='bbox 1295 2211 1363 2250; x_wconf 78' lang='lat' dir='ltr'><strong>aves</strong></span> <span class='ocrx_word' id='word_1_115' title='bbox 1386 2213 1438 2267; x_wconf 86' lang='lat' dir='ltr'><strong>per</strong></span> 
     </span>
     <span class='ocr_line' id='line_1_16' title="bbox 390 2283 1439 2355; baseline 0.002 -17"><span class='ocrx_word' id='word_1_116' title='bbox 390 2299 457 2338; x_wconf 85' lang='lat' dir='ltr'><strong>aera</strong></span> <span class='ocrx_word' id='word_1_117' title='bbox 478 2283 610 2339; x_wconf 81' lang='lat' dir='ltr'><strong>volantes</strong></span> <span class='ocrx_word' id='word_1_118' title='bbox 632 2283 704 2339; x_wconf 76' lang='lat' dir='ltr'><strong>rien</strong></span> <span class='ocrx_word' id='word_1_119' title='bbox 727 2288 796 2339; x_wconf 89' lang='lat' dir='ltr'><strong>sunt</strong></span> <span class='ocrx_word' id='word_1_120' title='bbox 811 2284 949 2340; x_wconf 84' lang='lat' dir='ltr'><strong>carbones</strong></span> <span class='ocrx_word' id='word_1_121' title='bbox 970 2284 1080 2355; x_wconf 82' lang='lat' dir='ltr'><strong>ignitos</strong></span> <span class='ocrx_word' id='word_1_122' title='bbox 1102 2285 1135 2340; x_wconf 90' lang='lat' dir='ltr'><strong>in</strong></span> <span class='ocrx_word' id='word_1_123' title='bbox 1156 2283 1258 2340; x_wconf 87' lang='lat' dir='ltr'><strong>rostris</strong></span> <span class='ocrx_word' id='word_1_124' title='bbox 1279 2284 1439 2340; x_wconf 78' lang='lat' dir='ltr'><strong>deformet</strong></span> 
     </span>
     <span class='ocr_line' id='line_1_17' title="bbox 390 2361 1438 2444; baseline 0.001 -17"><span class='ocrx_word' id='word_1_125' title='bbox 390 2371 490 2427; x_wconf 88' lang='lat' dir='ltr'><strong>domos</strong></span> <span class='ocrx_word' id='word_1_126' title='bbox 506 2371 666 2428; x_wconf 86' lang='lat' dir='ltr'><strong>incendere.</strong></span> <span class='ocrx_word' id='word_1_127' title='bbox 705 2361 806 2444; x_wconf 82' lang='lat' dir='ltr'><strong>³Apud</strong></span> <span class='ocrx_word' id='word_1_128' title='bbox 822 2371 1003 2429; x_wconf 85' lang='lat' dir='ltr'><strong>Londoniam</strong></span> <span class='ocrx_word' id='word_1_129' title='bbox 1026 2379 1144 2429; x_wconf 86' lang='lat' dir='ltr'><strong>sanctus</strong></span> <span class='ocrx_word' id='word_1_130' title='bbox 1159 2364 1271 2444; x_wconf 76' lang='lat' dir='ltr'><strong>Hugo⁴</strong></span> <span class='ocrx_word' id='word_1_131' title='bbox 1286 2373 1438 2429; x_wconf 89' lang='lat' dir='ltr'><strong>Lineolni-</strong></span> 
     </span>
     <span class='ocr_line' id='line_1_18' title="bbox 389 2453 1437 2535; baseline 0.003 -20"><span class='ocrx_word' id='word_1_132' title='bbox 389 2461 467 2516; x_wconf 84' lang='lat' dir='ltr'><strong>ensis</strong></span> <span class='ocrx_word' id='word_1_133' title='bbox 498 2461 649 2535; x_wconf 86' lang='lat' dir='ltr'><strong>episcopus</strong></span> <span class='ocrx_word' id='word_1_134' title='bbox 672 2460 745 2517; x_wconf 91' lang='lat' dir='ltr'><strong>obiit</strong></span> <span class='ocrx_word' id='word_1_135' title='bbox 766 2453 869 2533; x_wconf 75' lang='lat' dir='ltr'><strong>apud⁶</strong></span> <span class='ocrx_word' id='word_1_136' title='bbox 898 2467 982 2518; x_wconf 84' lang='lat' dir='ltr'><strong>vetus</strong></span> <span class='ocrx_word' id='word_1_137' title='bbox 1004 2462 1169 2534; x_wconf 77' lang='lat' dir='ltr'><strong>Templum,</strong></span> <span class='ocrx_word' id='word_1_138' title='bbox 1192 2463 1242 2519; x_wconf 87' lang='lat' dir='ltr'><strong>sed</strong></span> <span class='ocrx_word' id='word_1_139' title='bbox 1265 2463 1343 2535; x_wconf 89' lang='lat' dir='ltr'><strong>apud</strong></span> <span class='ocrx_word' id='word_1_140' title='bbox 1366 2463 1437 2518; x_wconf 88' lang='lat' dir='ltr'><strong>Lin-</strong></span> 
     </span>
     <span class='ocr_line' id='line_1_19' title="bbox 391 2550 1438 2623; baseline 0.003 -18"><span class='ocrx_word' id='word_1_141' title='bbox 391 2550 516 2606; x_wconf 85' lang='lat' dir='ltr'><strong>eolniam</strong></span> <span class='ocrx_word' id='word_1_142' title='bbox 548 2557 593 2607; x_wconf 91' lang='lat' dir='ltr'><strong>est</strong></span> <span class='ocrx_word' id='word_1_143' title='bbox 624 2551 763 2623; x_wconf 86' lang='lat' dir='ltr'><strong>sepultus.</strong></span> <span class='ocrx_word' id='word_1_144' title='bbox 818 2550 866 2607; x_wconf 86' lang='lat' dir='ltr'><strong>Ad</strong></span> <span class='ocrx_word' id='word_1_145' title='bbox 899 2551 983 2623; x_wconf 87' lang='lat' dir='ltr'><strong>cujus</strong></span> <span class='ocrx_word' id='word_1_146' title='bbox 1014 2553 1227 2610; x_wconf 81' lang='lat' dir='ltr'><strong>funerationem</strong></span> <span class='ocrx_word' id='word_1_147' title='bbox 1259 2559 1438 2609; x_wconf 90' lang='lat' dir='ltr'><strong>concurrunt</strong></span> 
     </span>
     <span class='ocr_line' id='line_1_20' title="bbox 389 2641 1438 2714; baseline 0.005 -20"><span class='ocrx_word' id='word_1_148' title='bbox 389 2641 503 2710; x_wconf 77' lang='lat' dir='ltr'><strong>legatus</strong></span> <span class='ocrx_word' id='word_1_149' title='bbox 531 2657 624 2712; x_wconf 77' lang='lat' dir='ltr'><strong>pupae,</strong></span> <span class='ocrx_word' id='word_1_150' title='bbox 649 2647 707 2696; x_wconf 91' lang='lat' dir='ltr'><strong>tres</strong></span> <span class='ocrx_word' id='word_1_151' title='bbox 738 2641 960 2714; x_wconf 89' lang='lat' dir='ltr'><strong>archiepiscopi,</strong></span> <span class='ocrx_word' id='word_1_152' title='bbox 995 2641 1107 2698; x_wconf 87' lang='lat' dir='ltr'><strong>seilicet</strong></span> <span class='ocrx_word' id='word_1_153' title='bbox 1122 2642 1350 2711; x_wconf 82' lang='lat' dir='ltr'><strong>Oantuarienais,</strong></span> <span class='ocrx_word' id='word_1_154' title='bbox 1374 2645 1438 2699; x_wconf 91' lang='lat' dir='ltr'><strong>Du-</strong></span> 
     </span>
     <span class='ocr_line' id='line_1_21' title="bbox 389 2729 1438 2805; baseline 0.005 -21"><span class='ocrx_word' id='word_1_155' title='bbox 389 2729 529 2785; x_wconf 88' lang='lat' dir='ltr'><strong>blinenaia</strong></span> <span class='ocrx_word' id='word_1_156' title='bbox 563 2734 593 2786; x_wconf 87' lang='lat' dir='ltr'><strong>et</strong></span> <span class='ocrx_word' id='word_1_157' title='bbox 636 2730 810 2800; x_wconf 79' lang='lat' dir='ltr'><strong>Beguensis,</strong></span> <span class='ocrx_word' id='word_1_158' title='bbox 847 2729 908 2801; x_wconf 87' lang='lat' dir='ltr'><strong>xiij.</strong></span> <span class='ocrx_word' id='word_1_159' title='bbox 943 2731 1082 2805; x_wconf 90' lang='lat' dir='ltr'><strong>episcopi,</strong></span> <span class='ocrx_word' id='word_1_160' title='bbox 1109 2731 1166 2788; x_wconf 91' lang='lat' dir='ltr'><strong>duo</strong></span> <span class='ocrx_word' id='word_1_161' title='bbox 1199 2751 1293 2804; x_wconf 79' lang='lat' dir='ltr'><strong>reges,</strong></span> <span class='ocrx_word' id='word_1_162' title='bbox 1325 2733 1438 2790; x_wconf 85' lang='lat' dir='ltr'><strong>scilicet</strong></span> 
     </span>
     <span class='ocr_line' id='line_1_22' title="bbox 388 2817 1438 2895; baseline 0.007 -22"><span class='ocrx_word' id='word_1_163' title='bbox 388 2817 518 2890; x_wconf 78' lang='lat' dir='ltr'><strong>Anglim,</strong></span> <span class='ocrx_word' id='word_1_164' title='bbox 542 2823 572 2876; x_wconf 86' lang='lat' dir='ltr'><strong>et</strong></span> <span class='ocrx_word' id='word_1_165' title='bbox 600 2819 716 2886; x_wconf 79' lang='lat' dir='ltr'><strong>Scotiae,</strong></span> <span class='ocrx_word' id='word_1_166' title='bbox 742 2819 794 2891; x_wconf 90' lang='lat' dir='ltr'><strong>qni</strong></span> <span class='ocrx_word' id='word_1_167' title='bbox 828 2825 899 2874; x_wconf 90' lang='lat' dir='ltr'><strong>tune</strong></span> <span class='ocrx_word' id='word_1_168' title='bbox 932 2819 1041 2875; x_wconf 90' lang='lat' dir='ltr'><strong>ibidem</strong></span> <span class='ocrx_word' id='word_1_169' title='bbox 1074 2821 1232 2879; x_wconf 88' lang='lat' dir='ltr'><strong>advenerat</strong></span> <span class='ocrx_word' id='word_1_170' title='bbox 1262 2829 1297 2879; x_wconf 90' lang='lat' dir='ltr'><strong>ut</strong></span> <span class='ocrx_word' id='word_1_171' title='bbox 1325 2823 1438 2895; x_wconf 90' lang='lat' dir='ltr'><strong>juraret</strong></span> 
     </span>
     <span class='ocr_line' id='line_1_23' title="bbox 389 2907 1437 2984; baseline 0.006 -22"><span class='ocrx_word' id='word_1_172' title='bbox 389 2907 561 2965; x_wconf 85' lang='lat' dir='ltr'><strong>fidelitatem</strong></span> <span class='ocrx_word' id='word_1_173' title='bbox 584 2927 670 2982; x_wconf 90' lang='lat' dir='ltr'><strong>super</strong></span> <span class='ocrx_word' id='word_1_174' title='bbox 694 2925 807 2965; x_wconf 88' lang='lat' dir='ltr'><strong>erucem</strong></span> <span class='ocrx_word' id='word_1_175' title='bbox 831 2907 957 2965; x_wconf 87' lang='lat' dir='ltr'><strong>Huberti</strong></span> <span class='ocrx_word' id='word_1_176' title='bbox 980 2910 1191 2984; x_wconf 90' lang='lat' dir='ltr'><strong>archiepiscopi</strong></span> <span class='ocrx_word' id='word_1_177' title='bbox 1216 2918 1246 2968; x_wconf 92' lang='lat' dir='ltr'><strong>et</strong></span> <span class='ocrx_word' id='word_1_178' title='bbox 1267 2912 1437 2984; x_wconf 83' lang='lat' dir='ltr'><strong>homagium</strong></span> 
     </span>
     <span class='ocr_line' id='line_1_24' title="bbox 389 2997 1437 3074; baseline 0.006 -22"><span class='ocrx_word' id='word_1_179' title='bbox 389 2997 497 3054; x_wconf 87' lang='lat' dir='ltr'><strong>faceret</strong></span> <span class='ocrx_word' id='word_1_180' title='bbox 530 2997 593 3070; x_wconf 84' lang='lat' dir='ltr'><strong>regi</strong></span> <span class='ocrx_word' id='word_1_181' title='bbox 617 2997 753 3056; x_wconf 90' lang='lat' dir='ltr'><strong>Johanui.</strong></span> <span class='ocrx_word' id='word_1_182' title='bbox 800 2998 862 3070; x_wconf 78' lang='lat' dir='ltr'><strong>Quo</strong></span> <span class='ocrx_word' id='word_1_183' title='bbox 894 2998 943 3054; x_wconf 90' lang='lat' dir='ltr'><strong>dia</strong></span> <span class='ocrx_word' id='word_1_184' title='bbox 974 3005 1076 3056; x_wconf 88' lang='lat' dir='ltr'><strong>sauata</strong></span> <span class='ocrx_word' id='word_1_185' title='bbox 1107 3006 1152 3056; x_wconf 89' lang='lat' dir='ltr'><strong>eet</strong></span> <span class='ocrx_word' id='word_1_186' title='bbox 1181 3001 1288 3058; x_wconf 89' lang='lat' dir='ltr'><strong>mulier</strong></span> <span class='ocrx_word' id='word_1_187' title='bbox 1311 3021 1363 3074; x_wconf 92' lang='lat' dir='ltr'><strong>per</strong></span> <span class='ocrx_word' id='word_1_188' title='bbox 1384 3002 1437 3074; x_wconf 81' lang='lat' dir='ltr'><strong>vij.</strong></span> 
     </span>
     <span class='ocr_line' id='line_1_25' title="bbox 388 3087 1436 3160; baseline 0.005 -18"><span class='ocrx_word' id='word_1_189' title='bbox 388 3105 480 3144; x_wconf 89' lang='lat' dir='ltr'><strong>annos</strong></span> <span class='ocrx_word' id='word_1_190' title='bbox 502 3105 601 3156; x_wconf 62' lang='lat' dir='ltr'><strong>ceco}</strong></span> <span class='ocrx_word' id='word_1_191' title='bbox 634 3092 664 3144; x_wconf 88' lang='lat' dir='ltr'><strong>et</strong></span> <span class='ocrx_word' id='word_1_192' title='bbox 697 3087 816 3160; x_wconf 90' lang='lat' dir='ltr'><strong>qnidam</strong></span> <span class='ocrx_word' id='word_1_193' title='bbox 843 3088 995 3144; x_wconf 85' lang='lat' dir='ltr'><strong>bursarum</strong></span> <span class='ocrx_word' id='word_1_194' title='bbox 1020 3089 1129 3145; x_wconf 81' lang='lat' dir='ltr'><strong>incisor</strong></span> <span class='ocrx_word' id='word_1_195' title='bbox 1159 3089 1191 3146; x_wconf 91' lang='lat' dir='ltr'><strong>in</strong></span> <span class='ocrx_word' id='word_1_196' title='bbox 1214 3091 1369 3147; x_wconf 89' lang='lat' dir='ltr'><strong>incidendo</strong></span> <span class='ocrx_word' id='word_1_197' title='bbox 1391 3093 1436 3147; x_wconf 92' lang='lat' dir='ltr'><strong>in·</strong></span> 
     </span>
     <span class='ocr_line' id='line_1_26' title="bbox 389 3177 1439 3251; baseline 0.005 -20"><span class='ocrx_word' id='word_1_198' title='bbox 389 3177 481 3232; x_wconf 88' lang='lat' dir='ltr'><strong>currit</strong></span> <span class='ocrx_word' id='word_1_199' title='bbox 504 3195 608 3232; x_wconf 87' lang='lat' dir='ltr'><strong>manue</strong></span> <span class='ocrx_word' id='word_1_200' title='bbox 632 3177 870 3244; x_wconf 85' lang='lat' dir='ltr'><strong>contractionem,</strong></span> <span class='ocrx_word' id='word_1_201' title='bbox 905 3178 997 3234; x_wconf 89' lang='lat' dir='ltr'><strong>donec</strong></span> <span class='ocrx_word' id='word_1_202' title='bbox 1021 3197 1073 3251; x_wconf 87' lang='lat' dir='ltr'><strong>per</strong></span> <span class='ocrx_word' id='word_1_203' title='bbox 1102 3179 1263 3236; x_wconf 89' lang='lat' dir='ltr'><strong>orationem</strong></span> <span class='ocrx_word' id='word_1_204' title='bbox 1301 3181 1371 3237; x_wconf 87' lang='lat' dir='ltr'><strong>oleri</strong></span> <span class='ocrx_word' id='word_1_205' title='bbox 1408 3187 1439 3238; x_wconf 88' lang='lat' dir='ltr'><strong>ot</strong></span> 
     </span>
     <span class='ocr_line' id='line_1_27' title="bbox 388 3256 1439 3342; baseline 0.006 -22"><span class='ocrx_word' id='word_1_206' title='bbox 388 3267 490 3338; x_wconf 87' lang='lat' dir='ltr'><strong>populi</strong></span> <span class='ocrx_word' id='word_1_207' title='bbox 528 3266 706 3322; x_wconf 83' lang='lat' dir='ltr'><strong>liberaretur.</strong></span> <span class='ocrx_word' id='word_1_208' title='bbox 766 3256 849 3322; x_wconf 78' lang='lat' dir='ltr'><strong>Hic⁰</strong></span> <span class='ocrx_word' id='word_1_209' title='bbox 872 3266 930 3321; x_wconf 83' lang='lat' dir='ltr'><strong>fnit</strong></span> <span class='ocrx_word' id='word_1_210' title='bbox 963 3268 1082 3324; x_wconf 86' lang='lat' dir='ltr'><strong>natione</strong></span> <span class='ocrx_word' id='word_1_211' title='bbox 1116 3269 1337 3336; x_wconf 85' lang='lat' dir='ltr'><strong>transmarinus,</strong></span> <span class='ocrx_word' id='word_1_212' title='bbox 1361 3271 1439 3342; x_wconf 90' lang='lat' dir='ltr'><strong>apud</strong></span> 
     </span>
     <span class='ocr_line' id='line_1_28' title="bbox 388 3354 1440 3429; baseline 0.007 -19"><span class='ocrx_word' id='word_1_213' title='bbox 388 3354 527 3429; x_wconf 84' lang='lat' dir='ltr'><strong>Wytham</strong></span> <span class='ocrx_word' id='word_1_214' title='bbox 546 3354 632 3427; x_wconf 87' lang='lat' dir='ltr'><strong>juxte</strong></span> <span class='ocrx_word' id='word_1_215' title='bbox 656 3354 839 3412; x_wconf 84' lang='lat' dir='ltr'><strong>Sariabiriam</strong></span> <span class='ocrx_word' id='word_1_216' title='bbox 864 3356 945 3428; x_wconf 90' lang='lat' dir='ltr'><strong>prior</strong></span> <span class='ocrx_word' id='word_1_217' title='bbox 966 3356 1161 3414; x_wconf 81' lang='lat' dir='ltr'><strong>Oartusiensie</strong></span> <span class='ocrx_word' id='word_1_218' title='bbox 1182 3359 1312 3426; x_wconf 84' lang='lat' dir='ltr'><strong>effectus,</strong></span> <span class='ocrx_word' id='word_1_219' title='bbox 1335 3360 1440 3417; x_wconf 90' lang='lat' dir='ltr'><strong>deiude</strong></span> 
     </span>
     <span class='ocr_line' id='line_1_29' title="bbox 389 3440 1439 3518; baseline 0.009 -21"><span class='ocrx_word' id='word_1_220' title='bbox 389 3443 588 3500; x_wconf 86' lang='lat' dir='ltr'><strong>Lineolniensi</strong></span> <span class='ocrx_word' id='word_1_221' title='bbox 621 3443 800 3516; x_wconf 88' lang='lat' dir='ltr'><strong>episcopatui</strong></span> <span class='ocrx_word' id='word_1_222' title='bbox 832 3445 995 3518; x_wconf 78' lang='lat' dir='ltr'><strong>praefectus.</strong></span> <span class='ocrx_word' id='word_1_223' title='bbox 1042 3448 1192 3517; x_wconf 80' lang='lat' dir='ltr'><strong>Quidum</strong></span> <span class='ocrx_word' id='word_1_224' title='bbox 1216 3440 1439 3506; x_wconf 74' lang='lat' dir='ltr'><strong>installaretur⁷</strong></span> 
     </span>
     <span class='ocr_line' id='line_1_30' title="bbox 387 3533 1439 3611; baseline 0.008 -24"><span class='ocrx_word' id='word_1_225' title='bbox 387 3533 465 3605; x_wconf 88' lang='lat' dir='ltr'><strong>apud</strong></span> <span class='ocrx_word' id='word_1_226' title='bbox 503 3533 693 3606; x_wconf 82' lang='lat' dir='ltr'><strong>Lyncolniom</strong></span> <span class='ocrx_word' id='word_1_227' title='bbox 727 3539 757 3589; x_wconf 93' lang='lat' dir='ltr'><strong>et</strong></span> <span class='ocrx_word' id='word_1_228' title='bbox 794 3552 886 3606; x_wconf 87' lang='lat' dir='ltr'><strong>equus</strong></span> <span class='ocrx_word' id='word_1_229' title='bbox 917 3535 981 3607; x_wconf 89' lang='lat' dir='ltr'><strong>ejus</strong></span> <span class='ocrx_word' id='word_1_230' title='bbox 1009 3537 1122 3594; x_wconf 86' lang='lat' dir='ltr'><strong>rationo</strong></span> <span class='ocrx_word' id='word_1_231' title='bbox 1152 3537 1358 3594; x_wconf 88' lang='lat' dir='ltr'><strong>installationis</strong></span> <span class='ocrx_word' id='word_1_232' title='bbox 1388 3557 1439 3611; x_wconf 90' lang='lat' dir='ltr'><strong>per</strong></span> 
     </span>
     <span class='ocr_line' id='line_1_31' title="bbox 387 3620 1438 3700; baseline 0.007 -23"><span class='ocrx_word' id='word_1_233' title='bbox 387 3620 624 3678; x_wconf 77' lang='lat' dir='ltr'><strong>archidiaconum</strong></span> <span class='ocrx_word' id='word_1_234' title='bbox 661 3622 718 3678; x_wconf 92' lang='lat' dir='ltr'><strong>loci</strong></span> <span class='ocrx_word' id='word_1_235' title='bbox 748 3628 904 3694; x_wconf 86' lang='lat' dir='ltr'><strong>peteretur,</strong></span> <span class='ocrx_word' id='word_1_236' title='bbox 944 3624 1028 3691; x_wconf 83' lang='lat' dir='ltr'><strong>dixit,</strong></span> <span class='ocrx_word' id='word_1_237' title='bbox 1066 3644 1096 3682; x_wconf 87' lang='lat' dir='ltr'><strong>aa</strong></span> <span class='ocrx_word' id='word_1_238' title='bbox 1133 3628 1222 3683; x_wconf 88' lang='lat' dir='ltr'><strong>malle</strong></span> <span class='ocrx_word' id='word_1_239' title='bbox 1259 3627 1438 3700; x_wconf 87' lang='lat' dir='ltr'><strong>episcopatui</strong></span> 
     </span>
     <span class='ocr_line' id='line_1_32' title="bbox 388 3707 1592 3790; baseline 0.007 -24"><span class='ocrx_word' id='word_1_240' title='bbox 388 3711 488 3767; x_wconf 87' lang='lat' dir='ltr'><strong>cedere</strong></span> <span class='ocrx_word' id='word_1_241' title='bbox 511 3728 600 3785; x_wconf 89' lang='lat' dir='ltr'><strong>quam</strong></span> <span class='ocrx_word' id='word_1_242' title='bbox 623 3711 778 3784; x_wconf 88' lang='lat' dir='ltr'><strong>quiequam</strong></span> <span class='ocrx_word' id='word_1_243' title='bbox 801 3713 854 3769; x_wconf 87' lang='lat' dir='ltr'><strong>tali</strong></span> <span class='ocrx_word' id='word_1_244' title='bbox 876 3732 913 3770; x_wconf 83' lang='lat' dir='ltr'><strong>ex</strong></span> <span class='ocrx_word' id='word_1_245' title='bbox 935 3731 1022 3770; x_wconf 88' lang='lat' dir='ltr'><strong>causa</strong></span> <span class='ocrx_word' id='word_1_246' title='bbox 1044 3707 1123 3771; x_wconf 85' lang='lat' dir='ltr'><strong>darc.</strong></span> <span class='ocrx_word' id='word_1_247' title='bbox 1168 3715 1217 3774; x_wconf 78' lang='lat' dir='ltr'><strong>Ad</strong></span> <span class='ocrx_word' id='word_1_248' title='bbox 1232 3735 1352 3774; x_wconf 89' lang='lat' dir='ltr'><strong>manum</strong></span> <span class='ocrx_word' id='word_1_249' title='bbox 1373 3717 1437 3790; x_wconf 87' lang='lat' dir='ltr'><strong>ejus</strong></span> <span class='ocrx_word' id='word_1_250' title='bbox 1448 3725 1592 3790; x_wconf 74' lang='lat' dir='ltr'><strong>‘swyneot</strong></span> 
     </span>
     <span class='ocr_line' id='line_1_33' title="bbox 386 3792 1523 3875; baseline 0.008 -21"><span class='ocrx_word' id='word_1_251' title='bbox 386 3800 517 3857; x_wconf 90' lang='lat' dir='ltr'><strong>solebant</strong></span> <span class='ocrx_word' id='word_1_252' title='bbox 538 3800 670 3856; x_wconf 76' lang='lat' dir='ltr'><strong>volatilia</strong></span> <span class='ocrx_word' id='word_1_253' title='bbox 693 3801 789 3858; x_wconf 89' lang='lat' dir='ltr'><strong>cibum</strong></span> <span class='ocrx_word' id='word_1_254' title='bbox 813 3821 951 3875; x_wconf 75' lang='lat' dir='ltr'><strong>questore.</strong></span> <span class='ocrx_word' id='word_1_255' title='bbox 1449 3792 1523 3844; x_wconf 75' lang='lat'><strong>²⁴¹⁷·</strong></span> 
     </span>
     <span class='ocr_line' id='line_1_34' title="bbox 430 3879 1437 3963; baseline 0.006 -17"><span class='ocrx_word' id='word_1_256' title='bbox 430 3879 497 3946; x_wconf 74' lang='grc' dir='ltr'><strong>Εο8</strong></span> <span class='ocrx_word' id='word_1_257' title='bbox 522 3894 652 3963; x_wconf 89' lang='lat' dir='ltr'><strong>tempore</strong></span> <span class='ocrx_word' id='word_1_258' title='bbox 674 3891 757 3947; x_wconf 80' lang='lat' dir='ltr'><strong>venit</strong></span> <span class='ocrx_word' id='word_1_259' title='bbox 780 3890 811 3947; x_wconf 91' lang='lat' dir='ltr'><strong>in</strong></span> <span class='ocrx_word' id='word_1_260' title='bbox 827 3891 968 3963; x_wconf 81' lang='lat' dir='ltr'><strong>Angliam</strong></span> <span class='ocrx_word' id='word_1_261' title='bbox 984 3893 1160 3950; x_wconf 82' lang='lat' dir='ltr'><strong>Eustachius</strong></span> <span class='ocrx_word' id='word_1_262' title='bbox 1180 3895 1269 3952; x_wconf 87' lang='lat' dir='ltr'><strong>abbae</strong></span> <span class='ocrx_word' id='word_1_263' title='bbox 1292 3897 1328 3954; x_wconf 90' lang='lat' dir='ltr'><strong>de</strong></span> <span class='ocrx_word' id='word_1_264' title='bbox 1350 3889 1437 3952; x_wconf 78' lang='lat' dir='ltr'><strong>Flai⁹</strong></span> 
     </span>
     <span class='ocr_line' id='line_1_35' title="bbox 385 3979 1437 4058; baseline 0.012 -26"><span class='ocrx_word' id='word_1_265' title='bbox 385 3979 543 4050; x_wconf 71' lang='lat' dir='ltr'><strong>predicare</strong></span> <span class='ocrx_word' id='word_1_266' title='bbox 565 3980 687 4036; x_wconf 87' lang='lat' dir='ltr'><strong>verbum</strong></span> <span class='ocrx_word' id='word_1_267' title='bbox 709 3981 767 4046; x_wconf 90' lang='lat' dir='ltr'><strong>dei,</strong></span> <span class='ocrx_word' id='word_1_268' title='bbox 791 3985 821 4036; x_wconf 88' lang='lat' dir='ltr'><strong>et</strong></span> <span class='ocrx_word' id='word_1_269' title='bbox 843 3982 915 4038; x_wconf 88' lang='lat' dir='ltr'><strong>fecit</strong></span> <span class='ocrx_word' id='word_1_270' title='bbox 944 3983 1039 4039; x_wconf 88' lang='lat' dir='ltr'><strong>multa</strong></span> <span class='ocrx_word' id='word_1_271' title='bbox 1070 3982 1230 4053; x_wconf 87' lang='lat' dir='ltr'><strong>miracula;</strong></span> <span class='ocrx_word' id='word_1_272' title='bbox 1266 3987 1342 4042; x_wconf 84' lang='lat' dir='ltr'><strong>inter</strong></span> <span class='ocrx_word' id='word_1_273' title='bbox 1372 4004 1437 4058; x_wconf 80' lang='lat' dir='ltr'><strong>quae</strong></span> 
     </span>
    </p>
   </div>
   <div class='ocr_carea' id='block_1_3' title="bbox 377 4197 1439 4819">
    <p class='ocr_par' dir='ltr' id='par_1_3' title="bbox 377 4197 1439 4819">
     <span class='ocr_line' id='line_1_36' title="bbox 413 4197 1439 4268; baseline 0.012 -21"><span class='ocrx_word' id='word_1_274' title='bbox 413 4197 421 4232; x_wconf 85' lang='lat'>¹</span> <span class='ocrx_word' id='word_1_275' title='bbox 434 4213 517 4265; x_wconf 83' lang='grc' dir='ltr'>ραρα,</span> <span class='ocrx_word' id='word_1_276' title='bbox 529 4199 586 4250; x_wconf 85' lang='lat' dir='ltr'><strong>add.</strong></span> <span class='ocrx_word' id='word_1_277' title='bbox 598 4197 677 4264; x_wconf 82' lang='lat' dir='ltr'><strong>Higd.</strong></span> <span class='ocrx_word' id='word_1_278' title='bbox 965 4204 976 4233; x_wconf 82' lang='lat'><em>⁰</em></span> <span class='ocrx_word' id='word_1_279' title='bbox 993 4202 1083 4268; x_wconf 72' lang='lat' dir='ltr'><strong>Huqo,</strong></span> <span class='ocrx_word' id='word_1_280' title='bbox 1096 4204 1180 4256; x_wconf 86' lang='lat' dir='ltr'><strong>added</strong></span> <span class='ocrx_word' id='word_1_281' title='bbox 1196 4205 1223 4256; x_wconf 89' lang='lat' dir='ltr'><strong>in</strong></span> <span class='ocrx_word' id='word_1_282' title='bbox 1235 4221 1305 4257; x_wconf 81' lang='lat' dir='ltr'><strong>soma</strong></span> <span class='ocrx_word' id='word_1_283' title='bbox 1321 4207 1398 4260; x_wconf 82' lang='lat' dir='ltr'>MSS.</span> <span class='ocrx_word' id='word_1_284' title='bbox 1410 4209 1439 4260; x_wconf 81' lang='lat' dir='ltr'><strong>of</strong></span> 
     </span>
     <span class='ocr_line' id='line_1_37' title="bbox 386 4277 1013 4348; baseline 0.008 -20"><span class='ocrx_word' id='word_1_285' title='bbox 386 4334 389 4344; x_wconf 38' lang='grc' dir='ltr'>Ι</span> <span class='ocrx_word' id='word_1_286' title='bbox 410 4278 421 4310; x_wconf 84' lang='lat'><strong>¹</strong></span> <span class='ocrx_word' id='word_1_287' title='bbox 439 4277 482 4328; x_wconf 80' lang='lat' dir='ltr'><strong>Eo</strong></span> <span class='ocrx_word' id='word_1_288' title='bbox 501 4278 618 4344; x_wconf 76' lang='lat' dir='ltr'><strong>tempore]</strong></span> <span class='ocrx_word' id='word_1_289' title='bbox 641 4277 714 4330; x_wconf 85' lang='lat' dir='ltr'><strong>Circa</strong></span> <span class='ocrx_word' id='word_1_290' title='bbox 739 4279 807 4330; x_wconf 89' lang='lat' dir='ltr'><strong>hunc</strong></span> <span class='ocrx_word' id='word_1_291' title='bbox 836 4296 880 4330; x_wconf 88' lang='lat' dir='ltr'><strong>an·</strong></span> <span class='ocrx_word' id='word_1_292' title='bbox 932 4281 1013 4348; x_wconf 77' lang='lat' dir='ltr'><strong>Higd.</strong></span> 
     </span>
     <span class='ocr_line' id='line_1_38' title="bbox 377 4357 1436 4429; baseline 0.009 -22"><span class='ocrx_word' id='word_1_293' title='bbox 377 4357 540 4424; x_wconf 83' lang='lat' dir='ltr'><strong>num,Higd.</strong></span> <span class='ocrx_word' id='word_1_294' title='bbox 697 4423 698 4428; x_wconf 9' lang='grc' dir='ltr'><strong>Ἰ</strong></span> <span class='ocrx_word' id='word_1_295' title='bbox 964 4360 1186 4429; x_wconf 71' lang='lat' dir='ltr'><strong>linstolloretur]</strong></span> <span class='ocrx_word' id='word_1_296' title='bbox 1213 4363 1436 4429; x_wconf 82' lang='lat' dir='ltr'><strong>incathedraretnr,</strong></span> 
     </span>
     <span class='ocr_line' id='line_1_39' title="bbox 410 4437 1009 4506; baseline 0.007 -19"><span class='ocrx_word' id='word_1_297' title='bbox 410 4439 422 4472; x_wconf 83' lang='lat'>⁸</span> <span class='ocrx_word' id='word_1_298' title='bbox 438 4437 498 4487; x_wconf 77' lang='lat' dir='ltr'><strong>Hoc</strong></span> <span class='ocrx_word' id='word_1_299' title='bbox 507 4453 604 4500; x_wconf 79' lang='lat' dir='ltr'><strong>qnoque</strong></span> <span class='ocrx_word' id='word_1_300' title='bbox 615 4452 690 4498; x_wconf 81' lang='lat' dir='ltr'><strong>anno,</strong></span> <span class='ocrx_word' id='word_1_301' title='bbox 702 4437 759 4488; x_wconf 92' lang='lat' dir='ltr'><strong>add.</strong></span> <span class='ocrx_word' id='word_1_302' title='bbox 773 4437 851 4504; x_wconf 81' lang='lat' dir='ltr'><strong>Higd.</strong></span> <span class='ocrx_word' id='word_1_303' title='bbox 931 4439 1009 4506; x_wconf 81' lang='lat' dir='ltr'><strong>Higd.</strong></span> 
     </span>
     <span class='ocr_line' id='line_1_40' title="bbox 412 4515 1422 4590; baseline 0.011 -25"><span class='ocrx_word' id='word_1_304' title='bbox 412 4515 507 4566; x_wconf 74' lang='lat' dir='ltr'><strong>⁴Hera</strong></span> <span class='ocrx_word' id='word_1_305' title='bbox 526 4531 559 4564; x_wconf 88' lang='lat' dir='ltr'><strong>on</strong></span> <span class='ocrx_word' id='word_1_306' title='bbox 578 4517 621 4566; x_wconf 84' lang='lat' dir='ltr'><strong>the</strong></span> <span class='ocrx_word' id='word_1_307' title='bbox 639 4517 739 4582; x_wconf 84' lang='lat' dir='ltr'><strong>murgiu</strong></span> <span class='ocrx_word' id='word_1_308' title='bbox 761 4515 787 4566; x_wconf 91' lang='lat' dir='ltr'><strong>in</strong></span> <span class='ocrx_word' id='word_1_309' title='bbox 805 4517 839 4568; x_wconf 72' lang='lat' dir='ltr'><strong>A.</strong></span> <span class='ocrx_word' id='word_1_310' title='bbox 857 4517 879 4568; x_wconf 91' lang='lat' dir='ltr'><strong>is</strong></span> <span class='ocrx_word' id='word_1_311' title='bbox 964 4519 1034 4570; x_wconf 78' lang='lat' dir='ltr'><strong>⁸Eo</strong></span> <span class='ocrx_word' id='word_1_312' title='bbox 1045 4521 1168 4588; x_wconf 76' lang='lat' dir='ltr'><strong>tenpore]</strong></span> <span class='ocrx_word' id='word_1_313' title='bbox 1189 4522 1247 4576; x_wconf 88' lang='lat' dir='ltr'><strong>Hoc</strong></span> <span class='ocrx_word' id='word_1_314' title='bbox 1258 4539 1334 4584; x_wconf 83' lang='lat' dir='ltr'><strong>anno,</strong></span> <span class='ocrx_word' id='word_1_315' title='bbox 1345 4523 1422 4590; x_wconf 73' lang='lat' dir='ltr'><strong>lligd.</strong></span> 
     </span>
     <span class='ocr_line' id='line_1_41' title="bbox 379 4594 1159 4666; baseline 0.01 -22"><span class='ocrx_word' id='word_1_316' title='bbox 379 4594 490 4645; x_wconf 71' lang='lat' dir='ltr'><strong>Sanctus</strong></span> <span class='ocrx_word' id='word_1_317' title='bbox 502 4594 580 4660; x_wconf 74' lang='grc' dir='ltr'>Ηιιρο</span> <span class='ocrx_word' id='word_1_318' title='bbox 593 4595 664 4646; x_wconf 82' lang='lat' dir='ltr'><strong>obiit.</strong></span> <span class='ocrx_word' id='word_1_319' title='bbox 963 4598 975 4631; x_wconf 79' lang='lat'><strong>⁹</strong></span> <span class='ocrx_word' id='word_1_320' title='bbox 992 4597 1068 4663; x_wconf 67' lang='lat' dir='ltr'><strong>Ray,</strong></span> <span class='ocrx_word' id='word_1_321' title='bbox 1080 4599 1159 4666; x_wconf 76' lang='lat' dir='ltr'><strong>Higd.</strong></span> 
     </span>
     <span class='ocr_line' id='line_1_42' title="bbox 413 4671 880 4742; baseline 0.004 -19"><span class='ocrx_word' id='word_1_322' title='bbox 413 4671 610 4740; x_wconf 73' lang='lat' dir='ltr'><strong>‘apud-vens</strong></span> <span class='ocrx_word' id='word_1_323' title='bbox 649 4673 790 4742; x_wconf 78' lang='lat' dir='ltr'><strong>Tenrplum]</strong></span> <span class='ocrx_word' id='word_1_324' title='bbox 830 4691 880 4726; x_wconf 88' lang='lat' dir='ltr'><strong>orn.</strong></span> 
     </span>
     <span class='ocr_line' id='line_1_43' title="bbox 378 4750 457 4819; baseline 0.013 -17"><span class='ocrx_word' id='word_1_325' title='bbox 378 4750 457 4819; x_wconf 81' lang='lat' dir='ltr'><strong>Higd.</strong></span> 
     </span>
    </p>
   </div>
   <div class='ocr_carea' id='block_1_4' title="bbox 0 0 1818 5784">
    <p class='ocr_par' dir='ltr' id='par_1_4' title="bbox 0 0 1818 5784">
     <span class='ocr_line' id='line_1_44' title="bbox 0 0 1818 5784; baseline 0 1"><span class='ocrx_word' id='word_1_326' title='bbox 0 0 1818 5784; x_wconf 95' lang='lat' dir='ltr'><strong> </strong></span> 
     </span>
    </p>
   </div>
  </div>
 </body>
</html>
