3625 5784
610 894 879 945 baschamam
901 893 1111 944 CHRONIGON.
1315 881 1376 943 141

328 1096 359 1146 et
380 1091 497 1158 dilator,
521 1091 590 1148 fidei
611 1096 817 1164 transgressor,
840 1092 930 1148 verbo
952 1093 1050 1148 varius
1072 1097 1102 1148 et
1123 1097 1269 1159 versutus,
1292 1091 1376 1147 adul·

329 1184 375 1235 ter
406 1180 550 1252 publicus,
582 1181 711 1237 ecclesiae
744 1182 877 1248 malleus,
912 1182 965 1237 deo
996 1199 1109 1254 semper
1140 1181 1284 1251 ingratus,
1319 1181 1376 1236 dis·

329 1269 456 1324 cordiam
479 1270 558 1326 inter
579 1271 655 1326 lilios
677 1289 859 1343 summopere
880 1272 1007 1337 fovebat,
1031 1272 1125 1326 solum
1141 1271 1196 1325 sibi
1219 1289 1255 1326 ex
1277 1288 1377 1326 eorum

329 1358 452 1414 discidio
489 1378 590 1431 pacem
628 1377 746 1432 sperans
782 1360 943 1432 provenire.
991 1361 1023 1416 Si
1068 1365 1167 1416 tamen
1204 1377 1378 1415 excnvsnum

329 1465 447 1503 sucrum
481 1455 567 1505 metae
598 1454 777 1522 querantur,
811 1451 894 1520 prius
926 1449 1035 1520 deerit¹
1052 1449 1130 1505 orbis
1160 1466 1248 1521 quam
1282 1449 1377 1504 aderit

330 1537 416 1604 tinis;
439 1537 570 1594 animoso
601 1539 710 1611 quippe
732 1539 843 1611 pectori
867 1556 981 1595 cessare
1005 1544 1166 1612 potuerunt
1196 1543 1293 1606 temae,
1317 1555 1376 1594 ces-

331 1644 394 1682 sare
423 1627 559 1683 nesciunt
589 1627 731 1695 victoriae,
764 1646 819 1684 nec
851 1627 975 1685 deerunt
1006 1627 1148 1700 triumphi
1171 1628 1223 1684 sed
1257 1627 1379 1683 materia

333 1717 541 1788 triumphandi.
588 1717 625 1772 In
647 1723 770 1789 utraque
801 1717 920 1784 militia,
944 1717 1048 1773 Martis
1071 1717 1183 1773 scilicet
1216 1722 1245 1773 et
1269 1716 1377 1771 Miner·

331 1823 376 1860 vae
398 1805 589 1876 singulariter
619 1806 741 1873 affulsit,
765 1811 858 1861 terras
881 1807 989 1879 qnippe
1012 1804 1211 1862 haereditarias
1245 1811 1379 1879 potenter

331 1895 505 1966 pacificavit,
545 1894 717 1951 Hiberniam
755 1895 870 1967 potenti
909 1897 998 1951 classe
1035 1895 1212 1966 subjugavit.
1272 1895 1378 1952 Scotiae

330 2002 455 2055 regnum
485 1990 570 2056 capto
592 2002 661 2055 rege
693 1984 841 2042 Willelmo
872 2001 923 2040 eno
954 2002 1045 2056 regno
1078 1985 1217 2052 adiciens,
1240 1983 1277 2039 ab
1311 2002 1378 2040 aus-

332 2073 401 2128 trali
433 2092 540 2130 oceano
563 2091 655 2146 usque
676 2073 714 2128 ad
744 2074 874 2130 boreales
897 2075 1044 2130 Orcadum
1077 2074 1187 2129 insulas
1210 2073 1292 2145 quasi
1325 2075 1379 2129 sub

332 2180 390 2218 uua
423 2163 593 2219 monarchia
623 2170 716 2218 terras
749 2164 924 2219 concludens
957 2162 1112 2236 imperinm
1145 2181 1230 2218 suum
1261 2164 1379 2234 egregie

332 2251 478 2320 dilatavit,
514 2251 591 2325 quod
625 2251 743 2323 quidem
777 2257 844 2324 post
876 2258 1009 2324 tempora
1040 2253 1116 2308 Julii
1147 2252 1269 2309 Oaeaaris
1302 2253 1378 2307 nulli

332 2340 440 2412 legitur
476 2341 643 2412 contigisse.
688 2342 724 2396 In
764 2343 968 2397 transmarinis
1005 2341 1135 2414 partibus
1166 2347 1273 2414 praeter
1304 2343 1378 2397 Nor·

331 2430 490 2496 manniam,
535 2430 736 2502 Aquitanm
781 2431 995 2502 Andagaviam,
1035 2431 1273 2498 Oenomanniam,
1312 2450 1378 2504 quac

332 2510 423 2575 cnml
446 2520 589 2592 paternali
608 2518 675 2591 jure
708 2519 901 2592 contigerant,
925 2521 1086 2576 Pictaviam
1118 2525 1284 2593 quoquest
1307 2521 1379 2576 Gas-

331 2609 445 2664 couiam
467 2628 558 2682 usque
588 2609 626 2664 ad
648 2609 785 2666 Pireneos
815 2609 969 2682 Hispaniae
991 2614 1105 2665 montes
1129 2627 1193 2682 quae
1217 2609 1245 2665 ei
1276 2610 1378 2665 matri·

335 2697 502 2755 monialiter
534 2699 720 2755 obvenerant.
775 2698 947 2755 Alverniam
992 2717 1058 2755 cnm
1100 2698 1273 2771 quibusdam
1313 2699 1379 2753 aliis

329 2789 415 2844 terris
437 2806 491 2844 sno
512 2787 676 2844 dominatui
699 2787 833 2859 subegit:
857 2788 968 2844 solebat
992 2805 1107 2860 qnoque
1129 2788 1206 2843 inter
1240 2787 1376 2843 confabu-

330 2877 451 2932 landum
474 2877 581 2943 dicere,
601 2881 697 2932 totum
718 2877 863 2933 mundum
884 2877 939 2933 uui
961 2877 1075 2949 potenti
1097 2877 1160 2932 viro
1183 2875 1253 2931 satis
1274 2894 1378 2948 parum

330 2984 399 3022 esse.
446 2967 541 3038 Reges
564 2965 716 3038 Hispania
739 2967 777 3021 ad
799 2967 941 3022 sedandas
963 2966 1120 3022 discordias
1144 2983 1211 3020 suas
1243 2965 1275 3020 in
1298 2966 1378 3020 hunc

330 3073 431 3127 regem
461 3057 739 3128 compromiserunt3
762 3061 793 3112 et
824 3056 958 3128 quamvis
980 3055 1012 3110 in
1044 3056 1194 3111 nonnullis
1217 3053 1280 3126 ejus
1314 3073 1379 3111 suc·

330 3146 458 3201 cassibus
494 3149 601 3201 cuncto
638 3145 744 3216 quietis
781 3145 931 3201 obstacula
975 3144 1067 3201 felicis
1106 3142 1212 3201 ominis
1249 3143 1380 3216 auspicio

331 3234 414 3304 qnasi
443 3234 587 3307 exquisito
617 3235 744 3290 fortunoe
766 3235 864 3290 favore
895 3233 953 3289 sibi
987 3234 1025 3289 ad
1046 3240 1116 3291 vota
1149 3235 1268 3291 fuerunt
1302 3251 1379 3288 snm·

330 3329 427 3390 mota;
450 3324 595 3379 nonnulla
616 3328 715 3379 tamen
748 3325 832 3395 quasi
855 3325 915 3379 lato
938 3323 1066 3379 infausto
1089 3323 1144 3380 sibi
1179 3315 1378 3394 contigerunt,

331 3413 368 3468 ad
402 3411 465 3484 ejus
497 3413 614 3484 quidem
649 3411 884 3468 humiliationem
919 3414 945 3467 si
976 3418 1074 3468 temen
1108 3413 1255 3485 poenitens
1286 3413 1378 3480 fieret,

330 3501 376 3557 sin
413 3507 512 3558 autem
547 3503 709 3558 obstinatus
743 3520 830 3559 carne
872 3502 991 3575 propria
1024 3501 1153 3558 carnifex
1191 3503 1379 3560 cruciaretur.

330 3591 471 3664 Inprimis
500 3610 606 3665 nempe
631 3591 799 3648 Alienorum
831 3593 1008 3647 Francorum
1033 3590 1164 3662 reginam
1187 3592 1305 3648 domiuo
1328 3611 1380 3648 sno

330 3680 483 3737 Lodovvico
506 3680 634 3736 indebite
666 3681 820 3747 subtraxit,
843 3681 956 3752 sibique
979 3681 1015 3737 de
1049 3683 1126 3737 facto
1157 3700 1224 3738 cum
1258 3681 1380 3754 dejure

329 3789 388 3826 uon
426 3775 524 3842 posset
555 3771 714 3842 copulavit,
749 3771 785 3826 de
819 3788 877 3842 qua
909 3775 991 3843 pater
1024 3789 1094 3826 suus
1129 3771 1279 3828 Galfridue
1312 3790 1380 3827 enm

329 3859 520 3931 prohibuerat
540 3878 579 3915 ne
602 3877 666 3914 eam
689 3859 858 3930 attingeret,
882 3878 935 3932 pro
958 3878 992 3916 eo
1015 3861 1092 3933 qnod
1115 3860 1183 3918 dum
1206 3862 1381 3918 senescallus

329 3950 407 4020 regis
429 3948 562 4004 Francia
592 3949 688 4003 luerat
710 3967 774 4004 eam
805 3950 996 4020 cognovisset.
1043 3951 1087 4005 Ex
1110 3969 1144 4005 ea
1176 3955 1274 4006 tamen
1297 3950 1379 4006 Hen-

328 4038 407 4093 ricus
429 4038 484 4093 iste
516 4045 577 4093 tres
599 4038 675 4092 filias
697 4044 727 4094 et
749 4057 799 4094 sex
829 4039 906 4094 filios
929 4039 1046 4094 inclitos
1070 4038 1231 4105 suscitavit,
1256 4057 1380 4111 quarum

328 4127 454 4199 primam
477 4127 630 4182 Matildam
662 4128 730 4183 duci
763 4128 906 4194 Saxoniae,
931 4129 1088 4184 secundam
1112 4128 1281 4183 Alienorum
1315 4130 1379 4198 regi

328 4216 491 4288 Hispania,
515 4217 632 4272 tertiam
663 4217 829 4272 Jobannam
852 4217 1001 4273 Willelmc
1032 4216 1096 4288 regi
1120 4216 1229 4273 Sicilire
1261 4219 1377 4288 copula·

328 4307 394 4374 vit;
419 4306 588 4377 duobusque
625 4305 694 4361 filiis
732 4307 793 4361 suis
824 4313 1000 4378 praemature
1034 4305 1156 4374 sublatis
1189 4306 1220 4359 iu
1258 4305 1378 4377 reliquis

329 4400 453 4466 quatuor
476 4412 567 4467 usque
590 4395 626 4450 ad
657 4401 780 4452 mortem
803 4395 911 4451 meruit
933 4394 1104 4467 perturbari.
1150 4395 1191 4450 At
1222 4411 1288 4449 cum
1311 4413 1377 4450 xxv.

327 4484 412 4540 urinis
445 4503 519 4557 pene
553 4486 729 4556 regnaverit,
753 4502 803 4540 sex
825 4485 919 4540 lustra
941 4484 1009 4539 dato
1030 4490 1100 4539 sunt
1122 4471 1173 4538 ei²
1195 4483 1231 4538 ad
1254 4483 1376 4540 munda-

362 4751 369 4784 ι
387 4751 455 4816 mm]
470 4765 533 4809 mm,
546 4748 610 4801 M&
619 4757 645 4801 et
656 4748 734 4815 11ng
871 4747 919 4876 11?
926 4745 971 4876 dei]
993 4747 1097 4799 omittat
1118 4746 1142 4798 in
1163 4763 1233 4800 some
1253 4750 1329 4804 tiss.
1351 4752 1378 4804 cl

898 4842 924 4892 ig
944 4861 950 4876 .
