<?xml version="1.0" encoding="UTF-8"?>
<!DOCTYPE html PUBLIC "-//W3C//DTD XHTML 1.0 Transitional//EN"
    "http://www.w3.org/TR/xhtml1/DTD/xhtml1-transitional.dtd">
<html xmlns="http://www.w3.org/1999/xhtml" xml:lang="en" lang="en">
 <head>
  <title>
</title>
<meta http-equiv="Content-Type" content="text/html;charset=utf-8" />
  <meta name='ocr-system' content='tesseract 3.04.00' />
  <meta name='ocr-capabilities' content='ocr_page ocr_carea ocr_par ocr_line ocrx_word'/>
</head>
<body>
  <div class='ocr_page' id='page_1' title='image "./chroniconhenric00lumbgoog_0121.png"; bbox 0 0 3625 5784; ppageno 0'>
   <div class='ocr_carea' id='block_1_1' title="bbox 449 895 1157 959">
    <p class='ocr_par' dir='ltr' id='par_1_1' title="bbox 449 895 1157 959">
     <span class='ocr_line' id='line_1_1' title="bbox 449 895 1157 959; baseline -0.01 -1"><span class='ocrx_word' id='word_1_1' title='bbox 449 895 491 959; x_wconf 84' lang='lat'><strong>98</strong></span> <span class='ocrx_word' id='word_1_2' title='bbox 801 903 950 954; x_wconf 78' lang='grc'><strong>6666666</strong></span> <span class='ocrx_word' id='word_1_3' title='bbox 973 903 1157 952; x_wconf 65' lang='lat' dir='ltr'><strong>emensos</strong></span> 
     </span>
    </p>
   </div>
   <div class='ocr_carea' id='block_1_2' title="bbox 441 1101 1650 4490">
    <p class='ocr_par' dir='ltr' id='par_1_2' title="bbox 444 1101 1499 2967">
     <span class='ocr_line' id='line_1_2' title="bbox 448 1101 1497 1176; baseline -0.003 -18"><span class='ocrx_word' id='word_1_4' title='bbox 448 1101 555 1160; x_wconf 71' lang='lat' dir='ltr'><strong>Sectis)</strong></span> <span class='ocrx_word' id='word_1_5' title='bbox 586 1102 722 1176; x_wconf 85' lang='lat' dir='ltr'><strong>suscepit.</strong></span> <span class='ocrx_word' id='word_1_6' title='bbox 767 1102 824 1159; x_wconf 90' lang='lat' dir='ltr'><strong>Isti</strong></span> <span class='ocrx_word' id='word_1_7' title='bbox 857 1102 1014 1158; x_wconf 84' lang='lat' dir='ltr'><strong>Malcclmo</strong></span> <span class='ocrx_word' id='word_1_8' title='bbox 1047 1102 1172 1158; x_wconf 88' lang='lat' dir='ltr'><strong>relatum</strong></span> <span class='ocrx_word' id='word_1_9' title='bbox 1198 1107 1252 1168; x_wconf 89' lang='lat' dir='ltr'><strong>est,</strong></span> <span class='ocrx_word' id='word_1_10' title='bbox 1277 1101 1497 1174; x_wconf 87' lang='lat' dir='ltr'><strong>quodquidam</strong></span> 
     </span>
     <span class='ocr_line' id='line_1_3' title="bbox 447 1189 1498 1265; baseline -0.003 -18"><span class='ocrx_word' id='word_1_11' title='bbox 447 1191 484 1248; x_wconf 88' lang='lat' dir='ltr'><strong>de</strong></span> <span class='ocrx_word' id='word_1_12' title='bbox 506 1193 671 1265; x_wconf 89' lang='lat' dir='ltr'><strong>proceribus</strong></span> <span class='ocrx_word' id='word_1_13' title='bbox 693 1192 754 1248; x_wconf 87' lang='lat' dir='ltr'><strong>suis</strong></span> <span class='ocrx_word' id='word_1_14' title='bbox 776 1192 808 1247; x_wconf 89' lang='lat' dir='ltr'><strong>in</strong></span> <span class='ocrx_word' id='word_1_15' title='bbox 829 1209 930 1248; x_wconf 87' lang='lat' dir='ltr'><strong>necem</strong></span> <span class='ocrx_word' id='word_1_16' title='bbox 953 1189 1017 1263; x_wconf 85' lang='lat' dir='ltr'><strong>ejus</strong></span> <span class='ocrx_word' id='word_1_17' title='bbox 1039 1193 1270 1264; x_wconf 85' lang='lat' dir='ltr'><strong>conspirassent;</strong></span> <span class='ocrx_word' id='word_1_18' title='bbox 1298 1191 1424 1264; x_wconf 88' lang='lat' dir='ltr'><strong>imperat</strong></span> <span class='ocrx_word' id='word_1_19' title='bbox 1447 1208 1498 1246; x_wconf 89' lang='lat' dir='ltr'><strong>rex</strong></span> 
     </span>
     <span class='ocr_line' id='line_1_4' title="bbox 447 1280 1496 1355; baseline -0.003 -19"><span class='ocrx_word' id='word_1_20' title='bbox 447 1281 571 1338; x_wconf 86' lang='lat' dir='ltr'><strong>delatori</strong></span> <span class='ocrx_word' id='word_1_21' title='bbox 593 1282 761 1339; x_wconf 86' lang='lat' dir='ltr'><strong>silentium:</strong></span> <span class='ocrx_word' id='word_1_22' title='bbox 786 1282 869 1339; x_wconf 90' lang='lat' dir='ltr'><strong>siluit</strong></span> <span class='ocrx_word' id='word_1_23' title='bbox 891 1281 953 1355; x_wconf 91' lang='lat' dir='ltr'><strong>ipse</strong></span> <span class='ocrx_word' id='word_1_24' title='bbox 975 1299 1066 1355; x_wconf 87' lang='lat' dir='ltr'><strong>usque</strong></span> <span class='ocrx_word' id='word_1_25' title='bbox 1089 1281 1126 1336; x_wconf 87' lang='lat' dir='ltr'><strong>ad</strong></span> <span class='ocrx_word' id='word_1_26' title='bbox 1148 1280 1305 1354; x_wconf 88' lang='lat' dir='ltr'><strong>proditoris</strong></span> <span class='ocrx_word' id='word_1_27' title='bbox 1328 1281 1496 1336; x_wconf 85' lang='lat' dir='ltr'><strong>adventum.</strong></span> 
     </span>
     <span class='ocr_line' id='line_1_5' title="bbox 447 1369 1497 1444; baseline -0.001 -19"><span class='ocrx_word' id='word_1_28' title='bbox 447 1370 595 1441; x_wconf 84' lang='lat' dir='ltr'><strong>Quicum</strong></span> <span class='ocrx_word' id='word_1_29' title='bbox 617 1373 654 1428; x_wconf 84' lang='lat' dir='ltr'><strong>sd</strong></span> <span class='ocrx_word' id='word_1_30' title='bbox 676 1373 755 1444; x_wconf 85' lang='lat' dir='ltr'><strong>regis</strong></span> <span class='ocrx_word' id='word_1_31' title='bbox 780 1372 891 1428; x_wconf 80' lang='lat' dir='ltr'><strong>curiam</strong></span> <span class='ocrx_word' id='word_1_32' title='bbox 922 1371 1112 1428; x_wconf 72' lang='lat' dir='ltr'><strong>insidiaturus</strong></span> <span class='ocrx_word' id='word_1_33' title='bbox 1142 1371 1316 1437; x_wconf 87' lang='lat' dir='ltr'><strong>advenisset,</strong></span> <span class='ocrx_word' id='word_1_34' title='bbox 1338 1369 1424 1442; x_wconf 86' lang='lat' dir='ltr'><strong>jubet</strong></span> <span class='ocrx_word' id='word_1_35' title='bbox 1445 1388 1497 1425; x_wconf 82' lang='lat' dir='ltr'><strong>rex</strong></span> 
     </span>
     <span class='ocr_line' id='line_1_6' title="bbox 446 1459 1498 1518; baseline -0.002 -2"><span class='ocrx_word' id='word_1_36' title='bbox 446 1479 561 1517; x_wconf 90' lang='lat' dir='ltr'><strong>summo</strong></span> <span class='ocrx_word' id='word_1_37' title='bbox 582 1480 668 1518; x_wconf 85' lang='lat' dir='ltr'><strong>mane</strong></span> <span class='ocrx_word' id='word_1_38' title='bbox 690 1479 790 1518; x_wconf 88' lang='lat' dir='ltr'><strong>omnes</strong></span> <span class='ocrx_word' id='word_1_39' title='bbox 811 1466 963 1518; x_wconf 80' lang='lat' dir='ltr'>venatores</span> <span class='ocrx_word' id='word_1_40' title='bbox 985 1461 1083 1518; x_wconf 88' lang='lat' dir='ltr'><strong>edesse</strong></span> <span class='ocrx_word' id='word_1_41' title='bbox 1106 1479 1173 1517; x_wconf 88' lang='lat' dir='ltr'><strong>cum</strong></span> <span class='ocrx_word' id='word_1_42' title='bbox 1196 1459 1316 1517; x_wconf 87' lang='lat' dir='ltr'><strong>canibus</strong></span> <span class='ocrx_word' id='word_1_43' title='bbox 1338 1459 1406 1516; x_wconf 90' lang='lat' dir='ltr'><strong>suis.</strong></span> <span class='ocrx_word' id='word_1_44' title='bbox 1444 1459 1498 1514; x_wconf 88' lang='lat' dir='ltr'><strong>Hii</strong></span> 
     </span>
     <span class='ocr_line' id='line_1_7' title="bbox 446 1549 1498 1625; baseline -0.003 -19"><span class='ocrx_word' id='word_1_45' title='bbox 446 1551 518 1606; x_wconf 89' lang='lat' dir='ltr'><strong>dum</strong></span> <span class='ocrx_word' id='word_1_46' title='bbox 539 1557 678 1608; x_wconf 86' lang='lat' dir='ltr'><strong>venatum</strong></span> <span class='ocrx_word' id='word_1_47' title='bbox 708 1552 926 1625; x_wconf 76' lang='lat' dir='ltr'><strong>prooessissent,</strong></span> <span class='ocrx_word' id='word_1_48' title='bbox 950 1551 1070 1607; x_wconf 84' lang='lat' dir='ltr'><strong>accessit</strong></span> <span class='ocrx_word' id='word_1_49' title='bbox 1101 1569 1151 1607; x_wconf 85' lang='lat' dir='ltr'><strong>rex</strong></span> <span class='ocrx_word' id='word_1_50' title='bbox 1183 1569 1250 1607; x_wconf 88' lang='lat' dir='ltr'><strong>oum</strong></span> <span class='ocrx_word' id='word_1_51' title='bbox 1282 1549 1429 1622; x_wconf 73' lang='lat' dir='ltr'><strong>proditore</strong></span> <span class='ocrx_word' id='word_1_52' title='bbox 1460 1549 1498 1604; x_wconf 88' lang='lat' dir='ltr'><strong>ad</strong></span> 
     </span>
     <span class='ocr_line' id='line_1_8' title="bbox 446 1637 1499 1714; baseline -0.003 -18"><span class='ocrx_word' id='word_1_53' title='bbox 446 1642 593 1713; x_wconf 89' lang='lat' dir='ltr'><strong>quandam</strong></span> <span class='ocrx_word' id='word_1_54' title='bbox 625 1642 713 1697; x_wconf 89' lang='lat' dir='ltr'><strong>latam</strong></span> <span class='ocrx_word' id='word_1_55' title='bbox 748 1640 902 1714; x_wconf 87' lang='lat' dir='ltr'><strong>planitiem</strong></span> <span class='ocrx_word' id='word_1_56' title='bbox 936 1659 1024 1713; x_wconf 86' lang='lat' dir='ltr'><strong>qaam</strong></span> <span class='ocrx_word' id='word_1_57' title='bbox 1055 1639 1087 1696; x_wconf 89' lang='lat' dir='ltr'><strong>in</strong></span> <span class='ocrx_word' id='word_1_58' title='bbox 1119 1639 1239 1696; x_wconf 88' lang='lat' dir='ltr'><strong>modum</strong></span> <span class='ocrx_word' id='word_1_59' title='bbox 1272 1657 1386 1695; x_wconf 77' lang='lat' dir='ltr'><strong>coronae</strong></span> <span class='ocrx_word' id='word_1_60' title='bbox 1409 1637 1499 1694; x_wconf 89' lang='lat' dir='ltr'><strong>densa</strong></span> 
     </span>
     <span class='ocr_line' id='line_1_9' title="bbox 446 1728 1498 1803; baseline -0.003 -18"><span class='ocrx_word' id='word_1_61' title='bbox 446 1731 521 1787; x_wconf 84' lang='lat' dir='ltr'><strong>silva</strong></span> <span class='ocrx_word' id='word_1_62' title='bbox 542 1731 688 1803; x_wconf 83' lang='lat' dir='ltr'><strong>cingebat,</strong></span> <span class='ocrx_word' id='word_1_63' title='bbox 704 1731 737 1786; x_wconf 93' lang='lat' dir='ltr'><strong>in</strong></span> <span class='ocrx_word' id='word_1_64' title='bbox 759 1729 842 1802; x_wconf 87' lang='lat' dir='ltr'><strong>cujus</strong></span> <span class='ocrx_word' id='word_1_65' title='bbox 857 1730 954 1786; x_wconf 91' lang='lat' dir='ltr'><strong>medio</strong></span> <span class='ocrx_word' id='word_1_66' title='bbox 977 1731 1128 1787; x_wconf 89' lang='lat' dir='ltr'><strong>colliculus</strong></span> <span class='ocrx_word' id='word_1_67' title='bbox 1150 1729 1353 1802; x_wconf 86' lang='lat' dir='ltr'><strong>turgescebat;</strong></span> <span class='ocrx_word' id='word_1_68' title='bbox 1386 1728 1418 1782; x_wconf 91' lang='lat' dir='ltr'><strong>in</strong></span> <span class='ocrx_word' id='word_1_69' title='bbox 1441 1746 1498 1801; x_wconf 89' lang='lat' dir='ltr'><strong>quo</strong></span> 
     </span>
     <span class='ocr_line' id='line_1_10' title="bbox 446 1819 1499 1893; baseline -0.002 -19"><span class='ocrx_word' id='word_1_70' title='bbox 446 1820 517 1875; x_wconf 89' lang='lat' dir='ltr'><strong>dum</strong></span> <span class='ocrx_word' id='word_1_71' title='bbox 539 1820 593 1876; x_wconf 85' lang='lat' dir='ltr'><strong>soli</strong></span> <span class='ocrx_word' id='word_1_72' title='bbox 614 1821 659 1876; x_wconf 92' lang='lat' dir='ltr'><strong>hii</strong></span> <span class='ocrx_word' id='word_1_73' title='bbox 682 1820 739 1876; x_wconf 91' lang='lat' dir='ltr'><strong>duo</strong></span> <span class='ocrx_word' id='word_1_74' title='bbox 762 1820 972 1886; x_wconf 85' lang='lat' dir='ltr'><strong>constitissent,</strong></span> <span class='ocrx_word' id='word_1_75' title='bbox 996 1820 1132 1886; x_wconf 69' lang='lat' dir='ltr'><strong>“Ecca&#39;’</strong></span> <span class='ocrx_word' id='word_1_76' title='bbox 1156 1819 1254 1893; x_wconf 89' lang='lat' dir='ltr'><strong>inquit</strong></span> <span class='ocrx_word' id='word_1_77' title='bbox 1274 1837 1335 1886; x_wconf 84' lang='lat' dir='ltr'><strong>rex,</strong></span> <span class='ocrx_word' id='word_1_78' title='bbox 1360 1819 1445 1889; x_wconf 88' lang='lat' dir='ltr'><strong>“ego</strong></span> <span class='ocrx_word' id='word_1_79' title='bbox 1468 1823 1499 1873; x_wconf 92' lang='lat' dir='ltr'><strong>et</strong></span> 
     </span>
     <span class='ocr_line' id='line_1_11' title="bbox 448 1897 1494 1982; baseline -0.002 -18"><span class='ocrx_word' id='word_1_80' title='bbox 448 1910 467 1936; x_wconf 89' lang='lat'>“</span> <span class='ocrx_word' id='word_1_81' title='bbox 491 1914 525 1964; x_wconf 87' lang='lat' dir='ltr'><strong>tu</strong></span> <span class='ocrx_word' id='word_1_82' title='bbox 547 1910 602 1965; x_wconf 88' lang='lat' dir='ltr'><strong>soli</strong></span> <span class='ocrx_word' id='word_1_83' title='bbox 625 1911 772 1966; x_wconf 80' lang='lat' dir='ltr'><strong>similibus</strong></span> <span class='ocrx_word' id='word_1_84' title='bbox 793 1910 883 1966; x_wconf 89' lang='lat' dir='ltr'><strong>armis</strong></span> <span class='ocrx_word' id='word_1_85' title='bbox 897 1915 928 1964; x_wconf 94' lang='grc'><strong>66</strong></span> <span class='ocrx_word' id='word_1_86' title='bbox 942 1910 1023 1982; x_wconf 89' lang='lat' dir='ltr'><strong>equis</strong></span> <span class='ocrx_word' id='word_1_87' title='bbox 1045 1909 1165 1976; x_wconf 88' lang='lat' dir='ltr'><strong>muniti,</strong></span> <span class='ocrx_word' id='word_1_88' title='bbox 1181 1927 1241 1964; x_wconf 88' lang='lat' dir='ltr'><strong>non</strong></span> <span class='ocrx_word' id='word_1_89' title='bbox 1264 1915 1308 1964; x_wconf 89' lang='lat' dir='ltr'><strong>est</strong></span> <span class='ocrx_word' id='word_1_90' title='bbox 1322 1908 1408 1964; x_wconf 91' lang='lat' dir='ltr'><strong>modo</strong></span> <span class='ocrx_word' id='word_1_91' title='bbox 1425 1897 1494 1978; x_wconf 89' lang='lat' dir='ltr'><strong>qui¹</strong></span> 
     </span>
     <span class='ocr_line' id='line_1_12' title="bbox 447 1998 1496 2073; baseline -0.002 -19"><span class='ocrx_word' id='word_1_92' title='bbox 447 1999 467 2026; x_wconf 79' lang='lat'><strong>‘⁸</strong></span> <span class='ocrx_word' id='word_1_93' title='bbox 490 1998 599 2067; x_wconf 87' lang='lat' dir='ltr'><strong>videat,</strong></span> <span class='ocrx_word' id='word_1_94' title='bbox 623 2000 674 2072; x_wconf 92' lang='lat' dir='ltr'><strong>qui</strong></span> <span class='ocrx_word' id='word_1_95' title='bbox 692 1999 843 2073; x_wconf 89' lang='lat' dir='ltr'><strong>impediat,</strong></span> <span class='ocrx_word' id='word_1_96' title='bbox 860 2004 915 2055; x_wconf 86' lang='lat' dir='ltr'><strong>aut</strong></span> <span class='ocrx_word' id='word_1_97' title='bbox 927 1999 977 2070; x_wconf 90' lang='lat' dir='ltr'><strong>qui</strong></span> <span class='ocrx_word' id='word_1_98' title='bbox 993 2017 1076 2072; x_wconf 88' lang='lat' dir='ltr'><strong>opem</strong></span> <span class='ocrx_word' id='word_1_99' title='bbox 1092 2000 1184 2055; x_wconf 85' lang='lat' dir='ltr'><strong>ferat:</strong></span> <span class='ocrx_word' id='word_1_100' title='bbox 1210 1998 1235 2054; x_wconf 92' lang='grc'><strong>66</strong></span> <span class='ocrx_word' id='word_1_101' title='bbox 1250 1999 1339 2065; x_wconf 87' lang='lat' dir='ltr'><strong>vales,</strong></span> <span class='ocrx_word' id='word_1_102' title='bbox 1357 1999 1381 2053; x_wconf 94' lang='lat' dir='ltr'><strong>si</strong></span> <span class='ocrx_word' id='word_1_103' title='bbox 1397 1998 1496 2064; x_wconf 89' lang='lat' dir='ltr'><strong>audes,</strong></span> 
     </span>
     <span class='ocr_line' id='line_1_13' title="bbox 447 2087 1497 2163; baseline 0 -20"><span class='ocrx_word' id='word_1_104' title='bbox 447 2087 467 2114; x_wconf 89' lang='lat'><strong><em>“</em></strong></span> <span class='ocrx_word' id='word_1_105' title='bbox 491 2089 582 2161; x_wconf 90' lang='lat' dir='ltr'><strong>imple</strong></span> <span class='ocrx_word' id='word_1_106' title='bbox 597 2090 675 2161; x_wconf 91' lang='lat' dir='ltr'><strong>quod</strong></span> <span class='ocrx_word' id='word_1_107' title='bbox 690 2088 877 2163; x_wconf 78' lang='lat' dir='ltr'><strong>proposuisti,</strong></span> <span class='ocrx_word' id='word_1_108' title='bbox 892 2089 991 2144; x_wconf 86' lang='lat' dir='ltr'><strong>nescio</strong></span> <span class='ocrx_word' id='word_1_109' title='bbox 1006 2089 1104 2144; x_wconf 88' lang='lat' dir='ltr'><strong>videre</strong></span> <span class='ocrx_word' id='word_1_110' title='bbox 1120 2088 1236 2161; x_wconf 89' lang='lat' dir='ltr'><strong>quando</strong></span> <span class='ocrx_word' id='word_1_111' title='bbox 1251 2087 1365 2156; x_wconf 91' lang='lat' dir='ltr'><strong>melius,</strong></span> <span class='ocrx_word' id='word_1_112' title='bbox 1381 2087 1497 2160; x_wconf 90' lang='lat' dir='ltr'><strong>quando</strong></span> 
     </span>
     <span class='ocr_line' id='line_1_14' title="bbox 447 2177 1496 2252; baseline -0.001 -20"><span class='ocrx_word' id='word_1_113' title='bbox 447 2179 466 2204; x_wconf 89' lang='grc'>“</span> <span class='ocrx_word' id='word_1_114' title='bbox 491 2177 611 2235; x_wconf 84' lang='lat' dir='ltr'><strong>liberius</strong></span> <span class='ocrx_word' id='word_1_115' title='bbox 633 2179 665 2234; x_wconf 92' lang='lat' dir='ltr'><strong>id</strong></span> <span class='ocrx_word' id='word_1_116' title='bbox 687 2180 750 2235; x_wconf 86' lang='lat' dir='ltr'><strong>lieri</strong></span> <span class='ocrx_word' id='word_1_117' title='bbox 765 2184 870 2252; x_wconf 85' lang='lat' dir='ltr'><strong>posset.</strong></span> <span class='ocrx_word' id='word_1_118' title='bbox 917 2178 950 2235; x_wconf 77' lang='lat' dir='ltr'><strong>si</strong></span> <span class='ocrx_word' id='word_1_119' title='bbox 972 2196 1119 2234; x_wconf 88' lang='lat' dir='ltr'><strong>venenum</strong></span> <span class='ocrx_word' id='word_1_120' title='bbox 1134 2178 1252 2250; x_wconf 86' lang='lat' dir='ltr'><strong>parasti,</strong></span> <span class='ocrx_word' id='word_1_121' title='bbox 1269 2178 1325 2234; x_wconf 91' lang='lat' dir='ltr'><strong>hoc</strong></span> <span class='ocrx_word' id='word_1_122' title='bbox 1340 2178 1496 2232; x_wconf 89' lang='lat' dir='ltr'><strong>mulierum</strong></span> 
     </span>
     <span class='ocr_line' id='line_1_15' title="bbox 447 2267 1498 2339; baseline -0.003 -16"><span class='ocrx_word' id='word_1_123' title='bbox 447 2269 467 2294; x_wconf 79' lang='lat'><strong>‘⁶</strong></span> <span class='ocrx_word' id='word_1_124' title='bbox 491 2273 536 2323; x_wconf 90' lang='grc'><strong>666</strong></span> <span class='ocrx_word' id='word_1_125' title='bbox 556 2288 617 2324; x_wconf 88' lang='grc'><strong>666</strong></span> <span class='ocrx_word' id='word_1_126' title='bbox 648 2269 786 2324; x_wconf 90' lang='lat' dir='ltr'><strong>militum.</strong></span> <span class='ocrx_word' id='word_1_127' title='bbox 842 2269 875 2326; x_wconf 86' lang='lat' dir='ltr'><strong>Si</strong></span> <span class='ocrx_word' id='word_1_128' title='bbox 897 2269 1005 2324; x_wconf 87' lang='lat' dir='ltr'><strong>lectulo</strong></span> <span class='ocrx_word' id='word_1_129' title='bbox 1026 2287 1092 2324; x_wconf 90' lang='lat' dir='ltr'><strong>meo</strong></span> <span class='ocrx_word' id='word_1_130' title='bbox 1115 2267 1273 2334; x_wconf 90' lang='lat' dir='ltr'><strong>insidiaris,</strong></span> <span class='ocrx_word' id='word_1_131' title='bbox 1297 2268 1352 2323; x_wconf 91' lang='lat' dir='ltr'><strong>hoc</strong></span> <span class='ocrx_word' id='word_1_132' title='bbox 1375 2271 1498 2339; x_wconf 83' lang='lat' dir='ltr'><strong>possunt</strong></span> 
     </span>
     <span class='ocr_line' id='line_1_16' title="bbox 447 2345 1496 2423; baseline -0.001 -11"><span class='ocrx_word' id='word_1_133' title='bbox 447 2359 466 2383; x_wconf 81' lang='lat'><strong>‘⁸</strong></span> <span class='ocrx_word' id='word_1_134' title='bbox 491 2359 580 2413; x_wconf 85' lang='lat' dir='ltr'><strong>etiam</strong></span> <span class='ocrx_word' id='word_1_135' title='bbox 603 2358 752 2415; x_wconf 73' lang='lat' dir='ltr'><strong>adulterae.</strong></span> <span class='ocrx_word' id='word_1_136' title='bbox 799 2358 832 2415; x_wconf 80' lang='lat' dir='ltr'><strong>Si</strong></span> <span class='ocrx_word' id='word_1_137' title='bbox 854 2359 964 2414; x_wconf 86' lang='lat' dir='ltr'><strong>ferrum</strong></span> <span class='ocrx_word' id='word_1_138' title='bbox 987 2358 1150 2423; x_wconf 74' lang='lat' dir='ltr'><strong>occultasti,</strong></span> <span class='ocrx_word' id='word_1_139' title='bbox 1173 2357 1228 2413; x_wconf 90' lang='lat' dir='ltr'><strong>hoc</strong></span> <span class='ocrx_word' id='word_1_140' title='bbox 1251 2345 1348 2412; x_wconf 85' lang='lat' dir='ltr'><strong>sicarii</strong></span> <span class='ocrx_word' id='word_1_141' title='bbox 1371 2362 1415 2412; x_wconf 89' lang='lat' dir='ltr'><strong>est</strong></span> <span class='ocrx_word' id='word_1_142' title='bbox 1437 2375 1496 2411; x_wconf 90' lang='lat' dir='ltr'><strong>non</strong></span> 
     </span>
     <span class='ocr_line' id='line_1_17' title="bbox 448 2446 1496 2520; baseline 0 -19"><span class='ocrx_word' id='word_1_143' title='bbox 448 2447 467 2472; x_wconf 74' lang='lat'><strong>‘⁸</strong></span> <span class='ocrx_word' id='word_1_144' title='bbox 491 2448 605 2503; x_wconf 90' lang='lat' dir='ltr'><strong>militis.</strong></span> <span class='ocrx_word' id='word_1_145' title='bbox 651 2448 716 2519; x_wconf 82' lang='lat' dir='ltr'><strong>Age</strong></span> <span class='ocrx_word' id='word_1_146' title='bbox 733 2448 825 2519; x_wconf 91' lang='lat' dir='ltr'><strong>igitur</strong></span> <span class='ocrx_word' id='word_1_147' title='bbox 840 2448 918 2520; x_wconf 91' lang='lat' dir='ltr'><strong>quod</strong></span> <span class='ocrx_word' id='word_1_148' title='bbox 932 2447 990 2503; x_wconf 91' lang='lat' dir='ltr'><strong>viri</strong></span> <span class='ocrx_word' id='word_1_149' title='bbox 1006 2453 1059 2512; x_wconf 88' lang='lat' dir='ltr'><strong>est,</strong></span> <span class='ocrx_word' id='word_1_150' title='bbox 1077 2447 1153 2518; x_wconf 90' lang='lat' dir='ltr'><strong>quod</strong></span> <span class='ocrx_word' id='word_1_151' title='bbox 1176 2446 1280 2502; x_wconf 87' lang='lat' dir='ltr'><strong>militis</strong></span> <span class='ocrx_word' id='word_1_152' title='bbox 1303 2451 1356 2513; x_wconf 90' lang='lat' dir='ltr'><strong>est,</strong></span> <span class='ocrx_word' id='word_1_153' title='bbox 1373 2451 1408 2501; x_wconf 88' lang='lat' dir='ltr'><strong>ut</strong></span> <span class='ocrx_word' id='word_1_154' title='bbox 1430 2463 1496 2517; x_wconf 87' lang='lat' dir='ltr'><strong>pro·</strong></span> 
     </span>
     <span class='ocr_line' id='line_1_18' title="bbox 447 2536 1496 2610; baseline 0 -20"><span class='ocrx_word' id='word_1_155' title='bbox 447 2536 466 2561; x_wconf 83' lang='lat'><strong>‘¹</strong></span> <span class='ocrx_word' id='word_1_156' title='bbox 491 2536 565 2591; x_wconf 90' lang='lat' dir='ltr'><strong>ditio</strong></span> <span class='ocrx_word' id='word_1_157' title='bbox 588 2542 640 2593; x_wconf 89' lang='grc'><strong>666</strong></span> <span class='ocrx_word' id='word_1_158' title='bbox 661 2536 845 2610; x_wconf 86' lang='lat' dir='ltr'><strong>turpitudine</strong></span> <span class='ocrx_word' id='word_1_159' title='bbox 868 2539 973 2593; x_wconf 83' lang='lat' dir='ltr'><strong>saltem</strong></span> <span class='ocrx_word' id='word_1_160' title='bbox 996 2543 1093 2592; x_wconf 88' lang='lat' dir='ltr'><strong>careat</strong></span> <span class='ocrx_word' id='word_1_161' title='bbox 1116 2555 1181 2608; x_wconf 79' lang='lat' dir='ltr'><strong>quae</strong></span> <span class='ocrx_word' id='word_1_162' title='bbox 1205 2536 1379 2592; x_wconf 86' lang='lat' dir='ltr'><strong>infidelitate</strong></span> <span class='ocrx_word' id='word_1_163' title='bbox 1399 2553 1496 2592; x_wconf 88' lang='lat' dir='ltr'><strong>carere</strong></span> 
     </span>
     <span class='ocr_line' id='line_1_19' title="bbox 447 2624 1495 2699; baseline 0 -18"><span class='ocrx_word' id='word_1_164' title='bbox 447 2624 466 2650; x_wconf 80' lang='lat'><strong>‘¹</strong></span> <span class='ocrx_word' id='word_1_165' title='bbox 490 2643 550 2680; x_wconf 92' lang='lat' dir='ltr'><strong>nou</strong></span> <span class='ocrx_word' id='word_1_166' title='bbox 573 2628 699 2698; x_wconf 85' lang='lat' dir='ltr'><strong>potest.”</strong></span> <span class='ocrx_word' id='word_1_167' title='bbox 744 2625 876 2682; x_wconf 89' lang='lat' dir='ltr'><strong>Procidit</strong></span> <span class='ocrx_word' id='word_1_168' title='bbox 897 2627 949 2682; x_wconf 90' lang='lat' dir='ltr'><strong>ille</strong></span> <span class='ocrx_word' id='word_1_169' title='bbox 972 2627 1072 2683; x_wconf 86' lang='lat' dir='ltr'><strong>stetim</strong></span> <span class='ocrx_word' id='word_1_170' title='bbox 1095 2627 1133 2682; x_wconf 88' lang='lat' dir='ltr'><strong>ad</strong></span> <span class='ocrx_word' id='word_1_171' title='bbox 1156 2627 1242 2699; x_wconf 90' lang='lat' dir='ltr'><strong>pedes</strong></span> <span class='ocrx_word' id='word_1_172' title='bbox 1265 2625 1353 2697; x_wconf 89' lang='lat' dir='ltr'><strong>regis,</strong></span> <span class='ocrx_word' id='word_1_173' title='bbox 1369 2631 1400 2680; x_wconf 86' lang='lat' dir='ltr'><strong>et</strong></span> <span class='ocrx_word' id='word_1_174' title='bbox 1422 2643 1495 2697; x_wconf 82' lang='lat' dir='ltr'><strong>proe·</strong></span> 
     </span>
     <span class='ocr_line' id='line_1_20' title="bbox 445 2715 1496 2789; baseline 0.001 -20"><span class='ocrx_word' id='word_1_175' title='bbox 445 2715 516 2770; x_wconf 83' lang='lat' dir='ltr'><strong>stito</strong></span> <span class='ocrx_word' id='word_1_176' title='bbox 539 2720 720 2773; x_wconf 84' lang='lat' dir='ltr'><strong>sacramento</strong></span> <span class='ocrx_word' id='word_1_177' title='bbox 754 2716 790 2772; x_wconf 92' lang='lat' dir='ltr'><strong>de</strong></span> <span class='ocrx_word' id='word_1_178' title='bbox 821 2717 962 2773; x_wconf 87' lang='lat' dir='ltr'><strong>fidelitate</strong></span> <span class='ocrx_word' id='word_1_179' title='bbox 985 2719 1093 2782; x_wconf 85' lang='lat' dir='ltr'><strong>future,</strong></span> <span class='ocrx_word' id='word_1_180' title='bbox 1118 2717 1325 2789; x_wconf 86' lang='lat' dir='ltr'><strong>promissisque</strong></span> <span class='ocrx_word' id='word_1_181' title='bbox 1348 2715 1496 2770; x_wconf 89' lang='lat' dir='ltr'><strong>obsidibus</strong></span> 
     </span>
     <span class='ocr_line' id='line_1_21' title="bbox 444 2803 1496 2878; baseline 0.001 -19"><span class='ocrx_word' id='word_1_182' title='bbox 444 2805 482 2859; x_wconf 80' lang='lat' dir='ltr'><strong>ad</strong></span> <span class='ocrx_word' id='word_1_183' title='bbox 503 2811 605 2860; x_wconf 92' lang='lat' dir='ltr'><strong>votum</strong></span> <span class='ocrx_word' id='word_1_184' title='bbox 627 2808 706 2878; x_wconf 85' lang='lat' dir='ltr'><strong>regis</strong></span> <span class='ocrx_word' id='word_1_185' title='bbox 729 2805 882 2877; x_wconf 79' lang='lat' dir='ltr'><strong>eligendis,</strong></span> <span class='ocrx_word' id='word_1_186' title='bbox 898 2807 1030 2878; x_wconf 89' lang='lat' dir='ltr'><strong>proditor</strong></span> <span class='ocrx_word' id='word_1_187' title='bbox 1048 2803 1110 2877; x_wconf 86' lang='lat' dir='ltr'><strong>jam</strong></span> <span class='ocrx_word' id='word_1_188' title='bbox 1134 2807 1227 2862; x_wconf 78' lang='lat' dir='ltr'><strong>laetus</strong></span> <span class='ocrx_word' id='word_1_189' title='bbox 1250 2805 1344 2862; x_wconf 89' lang='lat' dir='ltr'><strong>fidelis</strong></span> <span class='ocrx_word' id='word_1_190' title='bbox 1366 2809 1496 2877; x_wconf 86' lang='lat' dir='ltr'><strong>tempore</strong></span> 
     </span>
     <span class='ocr_line' id='line_1_22' title="bbox 444 2896 1099 2967; baseline 0.002 -18"><span class='ocrx_word' id='word_1_191' title='bbox 444 2901 608 2967; x_wconf 83' lang='lat' dir='ltr'><strong>opportuno</strong></span> <span class='ocrx_word' id='word_1_192' title='bbox 630 2897 668 2952; x_wconf 87' lang='lat' dir='ltr'><strong>ad</strong></span> <span class='ocrx_word' id='word_1_193' title='bbox 690 2897 782 2951; x_wconf 91' lang='lat' dir='ltr'><strong>socios</strong></span> <span class='ocrx_word' id='word_1_194' title='bbox 804 2913 871 2951; x_wconf 90' lang='lat' dir='ltr'><strong>suos</strong></span> <span class='ocrx_word' id='word_1_195' title='bbox 892 2896 1099 2951; x_wconf 76' lang='lat' dir='ltr'><strong>revertebatur.</strong></span> 
     </span>
    </p>

    <p class='ocr_par' dir='ltr' id='par_1_3' title="bbox 441 2983 1795 4752">
     <span class='ocr_line' id='line_1_23' title="bbox 489 2983 1495 3058; baseline -0.002 -19"><span class='ocrx_word' id='word_1_196' title='bbox 489 2985 554 3040; x_wconf 90' lang='lat' dir='ltr'><strong>Hoc</strong></span> <span class='ocrx_word' id='word_1_197' title='bbox 589 3003 703 3058; x_wconf 87' lang='lat' dir='ltr'><strong>quoquc</strong></span> <span class='ocrx_word' id='word_1_198' title='bbox 735 3003 812 3042; x_wconf 86' lang='grc'><strong>6666</strong></span> <span class='ocrx_word' id='word_1_199' title='bbox 834 2985 1008 3040; x_wconf 89' lang='lat' dir='ltr'><strong>venerabilis</strong></span> <span class='ocrx_word' id='word_1_200' title='bbox 1031 2984 1189 3041; x_wconf 88' lang='lat' dir='ltr'><strong>Anselmus</strong></span> <span class='ocrx_word' id='word_1_201' title='bbox 1223 2983 1311 3040; x_wconf 85' lang='lat' dir='ltr'><strong>abbas</strong></span> <span class='ocrx_word' id='word_1_202' title='bbox 1343 2983 1495 3040; x_wconf 86' lang='lat' dir='ltr'><strong>Beccensis</strong></span> 
     </span>
     <span class='ocr_line' id='line_1_24' title="bbox 445 3065 1494 3147; baseline -0.002 -19"><span class='ocrx_word' id='word_1_203' title='bbox 445 3072 482 3128; x_wconf 87' lang='lat' dir='ltr'><strong>de</strong></span> <span class='ocrx_word' id='word_1_204' title='bbox 503 3065 709 3130; x_wconf 82' lang='lat' dir='ltr'><strong>Normannia²</strong></span> <span class='ocrx_word' id='word_1_205' title='bbox 731 3075 815 3131; x_wconf 86' lang='lat' dir='ltr'><strong>venit</strong></span> <span class='ocrx_word' id='word_1_206' title='bbox 837 3075 869 3129; x_wconf 89' lang='lat' dir='ltr'><strong>in</strong></span> <span class='ocrx_word' id='word_1_207' title='bbox 891 3075 1014 3147; x_wconf 86' lang='lat' dir='ltr'><strong>Anglia,</strong></span> <span class='ocrx_word' id='word_1_208' title='bbox 1037 3079 1142 3146; x_wconf 86' lang='lat' dir='ltr'><strong>rogatu</strong></span> <span class='ocrx_word' id='word_1_209' title='bbox 1166 3073 1302 3146; x_wconf 89' lang='lat' dir='ltr'><strong>Hugonis</strong></span> <span class='ocrx_word' id='word_1_210' title='bbox 1331 3073 1494 3130; x_wconf 82' lang='lat' dir='ltr'><strong>Oestrensis</strong></span> 
     </span>
     <span class='ocr_line' id='line_1_25' title="bbox 445 3163 1494 3236; baseline 0.002 -20"><span class='ocrx_word' id='word_1_211' title='bbox 445 3163 570 3231; x_wconf 88' lang='lat' dir='ltr'><strong>comitis,</strong></span> <span class='ocrx_word' id='word_1_212' title='bbox 594 3165 688 3220; x_wconf 90' lang='lat' dir='ltr'><strong>tribus</strong></span> <span class='ocrx_word' id='word_1_213' title='bbox 711 3165 747 3220; x_wconf 92' lang='lat' dir='ltr'><strong>dc</strong></span> <span class='ocrx_word' id='word_1_214' title='bbox 770 3163 875 3231; x_wconf 88' lang='lat' dir='ltr'><strong>causis,</strong></span> <span class='ocrx_word' id='word_1_215' title='bbox 898 3169 934 3220; x_wconf 87' lang='lat' dir='ltr'><strong>ut</strong></span> <span class='ocrx_word' id='word_1_216' title='bbox 955 3164 1092 3220; x_wconf 87' lang='lat' dir='ltr'><strong>videlicet</strong></span> <span class='ocrx_word' id='word_1_217' title='bbox 1123 3163 1300 3220; x_wconf 87' lang='lat' dir='ltr'><strong>monasteria</strong></span> <span class='ocrx_word' id='word_1_218' title='bbox 1323 3181 1389 3236; x_wconf 74' lang='lat' dir='ltr'><strong>quse</strong></span> <span class='ocrx_word' id='word_1_219' title='bbox 1412 3163 1494 3234; x_wconf 86' lang='lat' dir='ltr'><strong>prius</strong></span> 
     </span>
     <span class='ocr_line' id='line_1_26' title="bbox 445 3251 1495 3325; baseline 0.001 -20"><span class='ocrx_word' id='word_1_220' title='bbox 445 3251 477 3305; x_wconf 89' lang='lat' dir='ltr'><strong>in</strong></span> <span class='ocrx_word' id='word_1_221' title='bbox 499 3253 609 3323; x_wconf 85' lang='lat' dir='ltr'><strong>Anglia</strong></span> <span class='ocrx_word' id='word_1_222' title='bbox 635 3253 808 3310; x_wconf 82' lang='lat' dir='ltr'><strong>fundaverat</strong></span> <span class='ocrx_word' id='word_1_223' title='bbox 841 3273 859 3309; x_wconf 88' lang='grc'><strong>6</strong></span> <span class='ocrx_word' id='word_1_224' title='bbox 891 3255 975 3325; x_wconf 88' lang='lat' dir='ltr'><strong>gravi</strong></span> <span class='ocrx_word' id='word_1_225' title='bbox 1009 3253 1119 3309; x_wconf 88' lang='lat' dir='ltr'><strong>tributo</strong></span> <span class='ocrx_word' id='word_1_226' title='bbox 1151 3254 1232 3324; x_wconf 88' lang='lat' dir='ltr'><strong>regio</strong></span> <span class='ocrx_word' id='word_1_227' title='bbox 1264 3253 1423 3324; x_wconf 88' lang='lat' dir='ltr'><strong>levigaret;</strong></span> <span class='ocrx_word' id='word_1_228' title='bbox 1460 3257 1495 3306; x_wconf 91' lang='lat' dir='ltr'><strong>ut</strong></span> 
     </span>
     <span class='ocr_line' id='line_1_27' title="bbox 444 3340 1494 3414; baseline 0.002 -20"><span class='ocrx_word' id='word_1_229' title='bbox 444 3340 603 3411; x_wconf 87' lang='lat' dir='ltr'><strong>Hugonem</strong></span> <span class='ocrx_word' id='word_1_230' title='bbox 635 3343 770 3399; x_wconf 87' lang='lat' dir='ltr'><strong>comitem</strong></span> <span class='ocrx_word' id='word_1_231' title='bbox 801 3348 874 3398; x_wconf 88' lang='lat' dir='ltr'><strong>tunc</strong></span> <span class='ocrx_word' id='word_1_232' title='bbox 907 3343 1037 3414; x_wconf 83' lang='lat' dir='ltr'><strong>graviter</strong></span> <span class='ocrx_word' id='word_1_233' title='bbox 1071 3347 1263 3414; x_wconf 67' lang='lat' dir='ltr'><strong>{egrotantem</strong></span> <span class='ocrx_word' id='word_1_234' title='bbox 1293 3341 1436 3408; x_wconf 72' lang='lat' dir='ltr'><strong>visitaret,</strong></span> <span class='ocrx_word' id='word_1_235' title='bbox 1464 3347 1494 3397; x_wconf 92' lang='grc'><strong>66</strong></span> 
     </span>
     <span class='ocr_line' id='line_1_28' title="bbox 445 3431 1493 3504; baseline 0.002 -21"><span class='ocrx_word' id='word_1_236' title='bbox 445 3434 480 3483; x_wconf 89' lang='grc'><strong>66</strong></span> <span class='ocrx_word' id='word_1_237' title='bbox 511 3433 720 3488; x_wconf 87' lang='lat' dir='ltr'><strong>monasterium</strong></span> <span class='ocrx_word' id='word_1_238' title='bbox 754 3434 832 3504; x_wconf 88' lang='lat' dir='ltr'><strong>apud</strong></span> <span class='ocrx_word' id='word_1_239' title='bbox 864 3432 1007 3489; x_wconf 84' lang='lat' dir='ltr'><strong>(lestriam</strong></span> <span class='ocrx_word' id='word_1_240' title='bbox 1041 3432 1186 3498; x_wconf 82' lang='lat' dir='ltr'><strong>fundaret,</strong></span> <span class='ocrx_word' id='word_1_241' title='bbox 1222 3431 1270 3487; x_wconf 90' lang='lat' dir='ltr'><strong>cui</strong></span> <span class='ocrx_word' id='word_1_242' title='bbox 1302 3432 1364 3487; x_wconf 88' lang='lat' dir='ltr'><strong>loco</strong></span> <span class='ocrx_word' id='word_1_243' title='bbox 1397 3432 1493 3503; x_wconf 88' lang='lat' dir='ltr'><strong>capel·</strong></span> 
     </span>
     <span class='ocr_line' id='line_1_29' title="bbox 445 3504 1650 3597; baseline 0.002 -25"><span class='ocrx_word' id='word_1_244' title='bbox 445 3518 547 3575; x_wconf 88' lang='lat' dir='ltr'><strong>lanum</strong></span> <span class='ocrx_word' id='word_1_245' title='bbox 569 3539 653 3576; x_wconf 88' lang='lat' dir='ltr'><strong>suum</strong></span> <span class='ocrx_word' id='word_1_246' title='bbox 677 3522 856 3578; x_wconf 87' lang='lat' dir='ltr'><strong>Richardum</strong></span> <span class='ocrx_word' id='word_1_247' title='bbox 878 3522 1007 3597; x_wconf 83' lang='lat' dir='ltr'><strong>primum</strong></span> <span class='ocrx_word' id='word_1_248' title='bbox 1030 3521 1191 3594; x_wconf 86' lang='lat' dir='ltr'><strong>assignavit</strong></span> <span class='ocrx_word' id='word_1_249' title='bbox 1214 3521 1357 3588; x_wconf 85' lang='lat' dir='ltr'><strong>abbatem,</strong></span> <span class='ocrx_word' id='word_1_250' title='bbox 1376 3521 1492 3577; x_wconf 90' lang='lat' dir='ltr'><strong>canoni·</strong></span> <span class='ocrx_word' id='word_1_251' title='bbox 1506 3504 1590 3569; x_wconf 62' lang='lat' dir='ltr'><strong>TW·</strong></span> <span class='ocrx_word' id='word_1_252' title='bbox 1602 3507 1650 3556; x_wconf 75' lang='lat'>0⁰¹·</span> 
     </span>
     <span class='ocr_line' id='line_1_30' title="bbox 444 3575 1554 3683; baseline 0.001 -19"><span class='ocrx_word' id='word_1_253' title='bbox 444 3625 493 3664; x_wconf 88' lang='lat' dir='ltr'><strong>cos</strong></span> <span class='ocrx_word' id='word_1_254' title='bbox 516 3611 688 3667; x_wconf 87' lang='lat' dir='ltr'><strong>seculares</strong></span> <span class='ocrx_word' id='word_1_255' title='bbox 680 3631 712 3666; x_wconf 89' lang='lat' dir='ltr'><strong>1n</strong></span> <span class='ocrx_word' id='word_1_256' title='bbox 735 3613 891 3669; x_wconf 82' lang='lat' dir='ltr'><strong>monachos</strong></span> <span class='ocrx_word' id='word_1_257' title='bbox 922 3613 1070 3683; x_wconf 78' lang='lat' dir='ltr'><strong>regulares</strong></span> <span class='ocrx_word' id='word_1_258' title='bbox 1095 3612 1297 3668; x_wconf 84' lang='lat' dir='ltr'><strong>convertendo.</strong></span> <span class='ocrx_word' id='word_1_259' title='bbox 1344 3611 1402 3667; x_wconf 81' lang='lat' dir='ltr'><strong>Sed</strong></span> <span class='ocrx_word' id='word_1_260' title='bbox 1425 3575 1554 3666; x_wconf 74' lang='lat' dir='ltr'><strong>inde286</strong></span> 
     </span>
     <span class='ocr_line' id='line_1_31' title="bbox 444 3699 1282 3774; baseline 0.002 -22"><span class='ocrx_word' id='word_1_261' title='bbox 444 3699 592 3755; x_wconf 89' lang='lat' dir='ltr'><strong>redeundo</strong></span> <span class='ocrx_word' id='word_1_262' title='bbox 614 3702 709 3756; x_wconf 85' lang='lat' dir='ltr'><strong>sactus</strong></span> <span class='ocrx_word' id='word_1_263' title='bbox 731 3707 776 3756; x_wconf 88' lang='lat' dir='ltr'><strong>est</strong></span> <span class='ocrx_word' id='word_1_264' title='bbox 798 3701 1033 3774; x_wconf 76' lang='lat' dir='ltr'><strong>archiepiscopus</strong></span> <span class='ocrx_word' id='word_1_265' title='bbox 1057 3701 1282 3758; x_wconf 82' lang='lat' dir='ltr'><strong>Cantuariensis.</strong></span> 
     </span>
     <span class='ocr_line' id='line_1_32' title="bbox 488 3773 1650 3864; baseline 0 -20"><span class='ocrx_word' id='word_1_266' title='bbox 488 3789 561 3844; x_wconf 84' lang='lat' dir='ltr'><strong>Item</strong></span> <span class='ocrx_word' id='word_1_267' title='bbox 589 3789 692 3844; x_wconf 68' lang='lat' dir='ltr'><strong>itidem</strong></span> <span class='ocrx_word' id='word_1_268' title='bbox 723 3789 875 3847; x_wconf 76' lang='lat' dir='ltr'><strong>Cistremie</strong></span> <span class='ocrx_word' id='word_1_269' title='bbox 900 3790 1023 3864; x_wconf 79' lang='lat' dir='ltr'><strong>capitulo</strong></span> <span class='ocrx_word' id='word_1_270' title='bbox 1053 3792 1079 3847; x_wconf 91' lang='lat'><strong>8.</strong></span> <span class='ocrx_word' id='word_1_271' title='bbox 1139 3791 1203 3845; x_wconf 89' lang='lat' dir='ltr'><strong>Hoc</strong></span> <span class='ocrx_word' id='word_1_272' title='bbox 1234 3808 1310 3845; x_wconf 89' lang='lat' dir='ltr'><strong>anno</strong></span> <span class='ocrx_word' id='word_1_273' title='bbox 1333 3788 1444 3860; x_wconf 78' lang='lat' dir='ltr'><strong>Anglia</strong></span> <span class='ocrx_word' id='word_1_274' title='bbox 1466 3795 1495 3844; x_wconf 92' lang='lat' dir='ltr'><strong>et</strong></span> <span class='ocrx_word' id='word_1_275' title='bbox 1483 3773 1650 3844; x_wconf 48' lang='lat' dir='ltr'><strong>„cistrensi</strong></span> 
     </span>
     <span class='ocr_line' id='line_1_33' title="bbox 443 3875 1493 3951; baseline 0 -20"><span class='ocrx_word' id='word_1_276' title='bbox 443 3875 624 3932; x_wconf 86' lang='lat' dir='ltr'><strong>Normannia</strong></span> <span class='ocrx_word' id='word_1_277' title='bbox 661 3883 766 3934; x_wconf 81' lang='lat' dir='ltr'><strong>vexata</strong></span> <span class='ocrx_word' id='word_1_278' title='bbox 803 3885 848 3936; x_wconf 89' lang='grc'><strong>666</strong></span> <span class='ocrx_word' id='word_1_279' title='bbox 885 3879 969 3951; x_wconf 88' lang='lat' dir='ltr'><strong>gravi</strong></span> <span class='ocrx_word' id='word_1_280' title='bbox 1007 3879 1117 3936; x_wconf 84' lang='lat' dir='ltr'><strong>tributo</strong></span> <span class='ocrx_word' id='word_1_281' title='bbox 1149 3886 1179 3935; x_wconf 88' lang='lat' dir='ltr'><strong>et</strong></span> <span class='ocrx_word' id='word_1_282' title='bbox 1212 3879 1293 3935; x_wconf 86' lang='lat' dir='ltr'><strong>clade</strong></span> <span class='ocrx_word' id='word_1_283' title='bbox 1330 3879 1493 3944; x_wconf 87' lang='lat' dir='ltr'><strong>hominum,</strong></span> 
     </span>
     <span class='ocr_line' id='line_1_34' title="bbox 444 3958 1494 4038; baseline 0.004 -18"><span class='ocrx_word' id='word_1_284' title='bbox 444 3965 487 4020; x_wconf 90' lang='lat' dir='ltr'><strong>ita</strong></span> <span class='ocrx_word' id='word_1_285' title='bbox 508 3971 542 4022; x_wconf 84' lang='lat' dir='ltr'><strong>ut</strong></span> <span class='ocrx_word' id='word_1_286' title='bbox 565 3967 745 4038; x_wconf 86' lang='lat' dir='ltr'><strong>agricultura</strong></span> <span class='ocrx_word' id='word_1_287' title='bbox 768 3975 894 4026; x_wconf 77' lang='lat' dir='ltr'><strong>cessaret</strong></span> <span class='ocrx_word' id='word_1_288' title='bbox 917 3975 946 4025; x_wconf 89' lang='grc'><strong>66</strong></span> <span class='ocrx_word' id='word_1_289' title='bbox 968 3971 1060 4026; x_wconf 88' lang='lat' dir='ltr'><strong>fames</strong></span> <span class='ocrx_word' id='word_1_290' title='bbox 1088 3970 1254 4026; x_wconf 87' lang='lat' dir='ltr'><strong>succederet</strong></span> <span class='ocrx_word' id='word_1_291' title='bbox 1242 3975 1273 4037; x_wconf 89' lang='lat' dir='ltr'><strong>t;</strong></span> <span class='ocrx_word' id='word_1_292' title='bbox 1310 3958 1494 4025; x_wconf 79' lang='lat' dir='ltr'><strong>Wallenses³</strong></span> 
     </span>
     <span class='ocr_line' id='line_1_35' title="bbox 443 4055 1492 4132; baseline 0.007 -24"><span class='ocrx_word' id='word_1_293' title='bbox 443 4055 532 4110; x_wconf 82' lang='lat' dir='ltr'><strong>etiarn</strong></span> <span class='ocrx_word' id='word_1_294' title='bbox 562 4056 668 4128; x_wconf 84' lang='lat' dir='ltr'><strong>jugum</strong></span> <span class='ocrx_word' id='word_1_295' title='bbox 701 4059 852 4117; x_wconf 87' lang='lat' dir='ltr'><strong>servitutis</strong></span> <span class='ocrx_word' id='word_1_296' title='bbox 885 4060 1075 4117; x_wconf 87' lang='lat' dir='ltr'><strong>abhorrentes</strong></span> <span class='ocrx_word' id='word_1_297' title='bbox 1107 4060 1138 4115; x_wconf 91' lang='lat' dir='ltr'><strong>in</strong></span> <span class='ocrx_word' id='word_1_298' title='bbox 1171 4059 1331 4132; x_wconf 86' lang='lat' dir='ltr'><strong>provinciis</strong></span> <span class='ocrx_word' id='word_1_299' title='bbox 1362 4059 1453 4116; x_wconf 82' lang='lat' dir='ltr'><strong>Oest&#39;</strong></span> <span class='ocrx_word' id='word_1_300' title='bbox 1417 4065 1492 4125; x_wconf 77' lang='grc'><strong>66666,</strong></span> 
     </span>
     <span class='ocr_line' id='line_1_36' title="bbox 444 4143 1493 4222; baseline 0.007 -23"><span class='ocrx_word' id='word_1_301' title='bbox 444 4143 579 4216; x_wconf 80' lang='lat' dir='ltr'><strong>Salopiae,</strong></span> <span class='ocrx_word' id='word_1_302' title='bbox 614 4148 780 4206; x_wconf 78' lang='lat' dir='ltr'><strong>Herfordiae</strong></span> <span class='ocrx_word' id='word_1_303' title='bbox 815 4150 928 4222; x_wconf 74' lang='lat' dir='ltr'><strong>praedas</strong></span> <span class='ocrx_word' id='word_1_304' title='bbox 959 4151 1095 4222; x_wconf 85' lang='lat' dir='ltr'><strong>agebant,</strong></span> <span class='ocrx_word' id='word_1_305' title='bbox 1128 4155 1160 4206; x_wconf 91' lang='lat' dir='ltr'><strong>et</strong></span> <span class='ocrx_word' id='word_1_306' title='bbox 1190 4155 1317 4206; x_wconf 76' lang='grc'><strong>66666666</strong></span> <span class='ocrx_word' id='word_1_307' title='bbox 1349 4149 1493 4206; x_wconf 79' lang='lat' dir='ltr'><strong>Menaviae</strong></span> 
     </span>
     <span class='ocr_line' id='line_1_37' title="bbox 442 4237 1495 4312; baseline 0.004 -24"><span class='ocrx_word' id='word_1_308' title='bbox 442 4241 590 4307; x_wconf 88' lang='lat' dir='ltr'><strong>ceperunt.</strong></span> <span class='ocrx_word' id='word_1_309' title='bbox 637 4237 762 4294; x_wconf 87' lang='lat' dir='ltr'><strong>Interim</strong></span> <span class='ocrx_word' id='word_1_310' title='bbox 786 4239 868 4296; x_wconf 84' lang='lat' dir='ltr'><strong>Secti</strong></span> <span class='ocrx_word' id='word_1_311' title='bbox 890 4258 990 4312; x_wconf 88' lang='lat' dir='ltr'><strong>regem</strong></span> <span class='ocrx_word' id='word_1_312' title='bbox 1014 4257 1099 4296; x_wconf 90' lang='lat' dir='ltr'><strong>suum</strong></span> <span class='ocrx_word' id='word_1_313' title='bbox 1120 4239 1296 4296; x_wconf 85' lang='lat' dir='ltr'><strong>Duneanum</strong></span> <span class='ocrx_word' id='word_1_314' title='bbox 1310 4245 1495 4311; x_wconf 87' lang='lat' dir='ltr'><strong>peremerunt</strong></span> 
     </span>
     <span class='ocr_line' id='line_1_38' title="bbox 441 4324 1495 4386; baseline 0.008 -8"><span class='ocrx_word' id='word_1_315' title='bbox 441 4328 472 4379; x_wconf 87' lang='grc'><strong>66</strong></span> <span class='ocrx_word' id='word_1_316' title='bbox 504 4324 698 4384; x_wconf 84' lang='lat' dir='ltr'><strong>Dunwaldnm</strong></span> <span class='ocrx_word' id='word_1_317' title='bbox 733 4329 840 4385; x_wconf 87' lang='lat' dir='ltr'><strong>iterum</strong></span> <span class='ocrx_word' id='word_1_318' title='bbox 874 4335 1038 4386; x_wconf 83' lang='lat' dir='ltr'><strong>erexerunt.</strong></span> <span class='ocrx_word' id='word_1_319' title='bbox 1085 4331 1124 4386; x_wconf 79' lang='lat' dir='ltr'><strong>Et</strong></span> <span class='ocrx_word' id='word_1_320' title='bbox 1156 4331 1249 4386; x_wconf 78' lang='lat' dir='ltr'><strong>stelles</strong></span> <span class='ocrx_word' id='word_1_321' title='bbox 1271 4331 1307 4385; x_wconf 92' lang='lat' dir='ltr'><strong>de</strong></span> <span class='ocrx_word' id='word_1_322' title='bbox 1330 4331 1402 4386; x_wconf 87' lang='grc'><strong>66616</strong></span> <span class='ocrx_word' id='word_1_323' title='bbox 1424 4330 1495 4386; x_wconf 82' lang='lat' dir='ltr'><strong>visae</strong></span> 
     </span>
     <span class='ocr_line' id='line_1_39' title="bbox 441 4416 1496 4490; baseline 0.005 -22"><span class='ocrx_word' id='word_1_324' title='bbox 441 4420 511 4469; x_wconf 87' lang='lat' dir='ltr'><strong>sunt</strong></span> <span class='ocrx_word' id='word_1_325' title='bbox 545 4416 646 4474; x_wconf 89' lang='lat' dir='ltr'><strong>cadere</strong></span> <span class='ocrx_word' id='word_1_326' title='bbox 684 4423 714 4474; x_wconf 89' lang='lat' dir='ltr'><strong>et</strong></span> <span class='ocrx_word' id='word_1_327' title='bbox 751 4419 834 4490; x_wconf 88' lang='lat' dir='ltr'><strong>quasi</strong></span> <span class='ocrx_word' id='word_1_328' title='bbox 872 4424 975 4475; x_wconf 85' lang='lat' dir='ltr'><strong>mutuo</strong></span> <span class='ocrx_word' id='word_1_329' title='bbox 1014 4425 1181 4476; x_wconf 85' lang='lat' dir='ltr'><strong>concertare</strong></span> <span class='ocrx_word' id='word_1_330' title='bbox 1214 4419 1387 4477; x_wconf 83' lang='lat' dir='ltr'><strong>adinvicem.</strong></span> <span class='ocrx_word' id='word_1_331' title='bbox 1435 4420 1496 4476; x_wconf 85' lang='lat' dir='ltr'><strong>Rex</strong></span> 
     </span>
    </p>
   </div>
   <div class='ocr_carea' id='block_1_3' title="bbox 437 4683 1497 4905">
    <p class='ocr_par' dir='ltr' id='par_1_4' title="bbox 437 4683 1497 4905">
     <span class='ocr_line' id='line_1_40' title="bbox 472 4683 1497 4754; baseline 0.005 -22"><span class='ocrx_word' id='word_1_332' title='bbox 472 4683 798 4752; x_wconf 66' lang='lat' dir='ltr'><strong>¹pcioideat,om.Higd.</strong></span> <span class='ocrx_word' id='word_1_333' title='bbox 1025 4685 1094 4738; x_wconf 75' lang='lat' dir='ltr'><strong>³On</strong></span> <span class='ocrx_word' id='word_1_334' title='bbox 1122 4687 1184 4736; x_wconf 87' lang='lat' dir='ltr'><strong>both</strong></span> <span class='ocrx_word' id='word_1_335' title='bbox 1206 4687 1325 4754; x_wconf 74' lang='lat' dir='ltr'><strong>margins,</strong></span> <span class='ocrx_word' id='word_1_336' title='bbox 1359 4685 1497 4739; x_wconf 78' lang='lat' dir='ltr'><strong>Wallenseu</strong></span> 
     </span>
     <span class='ocr_line' id='line_1_41' title="bbox 471 4760 1232 4832; baseline 0.005 -20"><span class='ocrx_word' id='word_1_337' title='bbox 471 4760 540 4812; x_wconf 82' lang='lat' dir='ltr'><strong>²On</strong></span> <span class='ocrx_word' id='word_1_338' title='bbox 567 4765 630 4814; x_wconf 84' lang='lat' dir='ltr'><strong>both</strong></span> <span class='ocrx_word' id='word_1_339' title='bbox 657 4764 780 4832; x_wconf 77' lang='lat' dir='ltr'><strong>margins,</strong></span> <span class='ocrx_word' id='word_1_340' title='bbox 808 4764 941 4816; x_wconf 78' lang='lat' dir='ltr'><strong>Anselmus</strong></span> <span class='ocrx_word' id='word_1_341' title='bbox 992 4771 1109 4816; x_wconf 76' lang='grc'><strong>66666666</strong></span> <span class='ocrx_word' id='word_1_342' title='bbox 1118 4765 1232 4831; x_wconf 71' lang='lat' dir='ltr'><strong>predas.</strong></span> 
     </span>
     <span class='ocr_line' id='line_1_42' title="bbox 437 4841 685 4905; baseline 0.012 -16"><span class='ocrx_word' id='word_1_343' title='bbox 437 4841 545 4890; x_wconf 75' lang='lat' dir='ltr'><strong>venitin</strong></span> <span class='ocrx_word' id='word_1_344' title='bbox 557 4841 685 4905; x_wconf 68' lang='lat' dir='ltr'><strong>Aeoliam.</strong></span> 
     </span>
    </p>
   </div>
   <div class='ocr_carea' id='block_1_4' title="bbox 0 0 1818 5782">
    <p class='ocr_par' dir='ltr' id='par_1_5' title="bbox 0 0 1818 5782">
     <span class='ocr_line' id='line_1_43' title="bbox 0 0 1818 5782; baseline 0 0"><span class='ocrx_word' id='word_1_345' title='bbox 0 0 1818 5782; x_wconf 95' lang='lat' dir='ltr'><strong> </strong></span> 
     </span>
    </p>
   </div>
  </div>
 </body>
</html>
