3625 5784
425 828 489 893 354
766 839 916 888 nnrnror
940 839 1123 890 numurus

428 1035 650 1092 incrementum.
698 1035 773 1092 Sene
792 1035 829 1090 eb
852 1034 923 1106 ipsis
939 1038 1046 1090 nostre
1060 1022 1275 1106 promotionis¹
1290 1032 1428 1105 auspiciis
1442 1031 1480 1088 cd

427 1126 592 1196 genemlom
604 1129 715 1180 stetum
730 1124 859 1180 fidelium
872 1124 981 1180 mentis
996 1123 1090 1179 eciem
1097 1123 1296 1189 extendentes,
1309 1129 1339 1180 et
1350 1121 1478 1178 couside-

408 1219 525 1272 rantes
545 1215 686 1270 attentius
702 1231 832 1285 grurem,
849 1215 940 1269 immo
954 1213 1158 1284 gravissimum
1170 1217 1200 1269 et
1221 1212 1287 1270 ideo
1303 1212 1478 1268 contrerium

426 1303 503 1358 votis
518 1303 625 1358 nostris
640 1303 718 1359 inter
730 1310 759 1359 te
774 1309 804 1359 et
820 1301 1003 1359 carissimum
1016 1302 1061 1372 [in
1071 1291 1225 1370 Ohristo]²
1239 1301 1335 1356 filium
1343 1307 1477 1356 nostrum

427 1392 598 1465 Philippum
614 1410 714 1463 regem
729 1391 860 1448 quciae
876 1391 1022 1447 illustrem
1044 1390 1177 1464 proxime
1192 1390 1247 1444 tibi
1269 1389 1477 1460 consanguini·

428 1486 488 1537 tete
511 1480 712 1552 conjunctum,
723 1487 896 1553 procurante
918 1481 999 1553 pucis
1023 1481 1129 1536 mmulo
1152 1479 1301 1535 incentore
1324 1479 1477 1544 mulorum,

427 1571 602 1626 discordiam
618 1571 794 1639 suscitatum,
805 1571 889 1625 firmo
904 1575 934 1625 et
956 1569 1057 1624 stabili
1071 1567 1263 1642 dispositione
1285 1567 1476 1633 decrevimus,

425 1665 460 1714 ut
474 1677 560 1733 super
571 1659 739 1732 hujusmodi
754 1659 873 1730 negotio
885 1659 966 1714 cordi
974 1664 1074 1714 nostro
1089 1646 1264 1730 potissime⁸
1280 1647 1478 1726 [insidente]²

425 1749 567 1805 solemnes
582 1749 702 1805 nuntios
723 1749 762 1804 nd
784 1748 970 1822 praesentiem
991 1747 1102 1818 regium
1126 1753 1157 1802 et
1171 1747 1271 1803 litores
1286 1746 1477 1802 mitteremus.

427 1837 484 1894 Sed
518 1843 637 1910 propter
658 1843 792 1894 nostrum
815 1838 851 1894 de
874 1838 994 1893 ciritute
1015 1837 1210 1908 Neopolitenn
1232 1835 1401 1900 discessum,
1423 1836 1477 1892 ubi

424 1931 496 1982 tuno
511 1927 644 1982 Romanu
658 1928 740 1982 curis
755 1927 938 1999 praesidebet,
955 1932 1145 1998 nostrumque
1160 1943 1307 1982 secessum
1321 1925 1359 1980 od
1373 1924 1476 1981 urbem

424 2033 511 2088 quem
533 2016 647 2072 riarum
669 2016 830 2088 periculose
848 2015 1017 2072 discrimine
1033 2034 1094 2071 non
1114 2015 1262 2071 modicum
1280 2014 1476 2080 retardarunt,

424 2122 459 2160 uc
488 2105 578 2161 etiem
601 2105 638 2160 od
664 2110 765 2161 nostru
787 2104 862 2160 inibi
884 2105 1029 2160 celebrate
1059 2104 1284 2161 consecrationis
1316 2104 1477 2176 solempnis

424 2193 568 2266 impediti,
592 2193 778 2266 nequivimus
800 2193 887 2250 citius
917 2194 1040 2250 nuncios
1062 2194 1217 2266 predictos
1238 2198 1269 2248 et
1290 2194 1390 2250 liturus
1411 2193 1477 2248 des·

424 2282 527 2338 tinere.
573 2283 686 2340 Revera
700 2283 744 2338 fili
759 2301 943 2357 nequaquem
958 2301 1059 2338 sumus
1073 2285 1258 2339 immemores
1280 2282 1353 2354 quin
1378 2282 1475 2355 potius

424 2372 520 2428 tenaci
543 2371 682 2428 memorie
704 2371 872 2438 retinemus,
897 2373 976 2445 quod
998 2391 1051 2428 nos
1081 2374 1224 2428 hacteuus
1253 2373 1326 2426 dum
1347 2387 1476 2428 essemus

424 2460 455 2515 in
471 2462 578 2518 minori
601 2461 693 2518 officio
716 2462 870 2518 constituti
891 2461 1014 2518 sinceris
1035 2462 1189 2518 effectibus
1210 2462 1350 2528 dilexisti,
1365 2461 1475 2533 plenis·

425 2549 494 2622 [que
525 2541 644 2619 luisti]²
665 2551 812 2607 lusoribus
849 2557 1027 2623 prosecutus.
1073 2543 1225 2624 Ideoque4
1261 2551 1333 2606 dnm
1355 2550 1475 2606 solerter

423 2639 602 2696 attendimus
627 2640 745 2712 quentis
776 2645 807 2696 et
839 2659 928 2713 quem
961 2632 1144 2712 grsndibus⁶
1166 2639 1308 2712 praedictu
1330 2639 1474 2695 discordie
1485 2629 1570 2693 Tm
1585 2634 1638 2682 00¹·

422 2729 553 2784 noscitur
585 2735 689 2786 onusto
721 2727 890 2801 dispendiis,
914 2735 986 2802 quot
1016 2735 1047 2785 ct
1081 2734 1191 2801 quentu
1212 2728 1343 2801 periculo
1373 2700 1559 2784 secum²⁵⁰⁵'

421 2818 523 2884 trahit,
540 2837 628 2890 qnam
643 2819 801 2890 dampnose
816 2819 952 2875 fidelibus
966 2819 1110 2884 redditur,
1127 2836 1215 2890 quem
1231 2819 1360 2888 graviter
1374 2817 1473 2873 turbet

421 2911 452 2962 et
474 2907 598 2979 impedit
619 2908 771 2978 negotium
787 2908 884 2964 'l'errae
900 2913 1018 2973 sunctae,
1035 2895 1234 2979 quantumque
1250 2912 1404 2979 propterea
1418 2907 1472 2963 deo

420 2993 573 3068 displicere
596 2997 766 3063 dinoscitur,
788 2997 941 3052 anxiemur
955 3002 990 3052 ut
1011 3001 1105 3070 puter,
1126 2997 1292 3052 sauciemur
1311 3001 1346 3050 ut
1368 3001 1471 3062 meter,

420 3085 453 3140 in
475 3075 598 3140 enimo⁰
613 3086 765 3141 turbemur
787 3085 914 3142 emerius
928 3091 963 3142 ut
985 3092 1106 3152 ametor,
1117 3105 1172 3142 nec
1188 3104 1342 3158 possumus
1365 3085 1472 3157 quietis

419 3173 544 3230 refoveri
574 3174 738 3241 dulcedine,
766 3175 858 3230 donec
889 3175 1074 3247 prmlibutum
1097 3175 1248 3247 negotium
1279 3179 1413 3246 optutum
1442 3179 1473 3230 et

420 3253 564 3318 colerem⁷
587 3263 698 3319 exitum
733 3264 820 3335 juxte
858 3265 954 3320 cordis
990 3264 1085 3320 nostri
1122 3264 1298 3320 desiderium
1322 3262 1470 3319 sortietur.

420 3341 574 3423 Oumque⁸
598 3353 774 3408 venerabiles
797 3353 901 3409 fratres
916 3359 1031 3409 nostros
1047 3353 1204 3408 Bereldum
1213 3341 1428 3408 Albinensem⁹
1441 3357 1472 3408 et

422 3439 571 3496 Simonem
595 3441 809 3497 Praenestinum
824 3431 849 3472 ¹⁰
871 3443 1032 3514 episcopos,
1060 3442 1137 3498 sedis
1153 3442 1320 3515 apostolicae
1336 3441 1469 3506 nuncios,

417 3528 592 3585 exhibitores
614 3531 812 3602 praesentium‚
837 3532 916 3586 viros
937 3531 1039 3603 utique
1062 3532 1201 3602 profundi
1222 3530 1348 3597 consilii,
1372 3530 1469 3586 literu-

417 3634 484 3672 rum
507 3619 629 3674 scientie
651 3619 800 3690 praeditos,
824 3639 858 3676 sc
881 3621 1062 3676 diversorum
1084 3621 1229 3676 virtutum
1259 3620 1355 3675 titulis
1376 3619 1469 3689 insig-

416 3707 504 3772 nitos,
540 3725 654 3763 necnon
692 3708 772 3781 pacis
796 3709 840 3780 [et
863 3710 1028 3766 concordiae
1052 3715 1206 3775 amotores,
1231 3708 1269 3764 ud
1291 3714 1321 3764 te
1345 3708 1468 3763 dictum·

417 3812 474 3867 que
488 3813 589 3866 regem
604 3797 723 3868 Angliae
746 3803 886 3870 tunquam
902 3788 1022 3871 pecis]²
1043 3800 1161 3869 angelos
1180 3797 1250 3854 licet
1265 3815 1366 3853 eorum
1381 3797 1469 3852 inviti

417 3901 565 3940 careamus
580 3887 744 3958 proesentis,
758 3887 945 3943 destinemus.
978 3888 1189 3944 Excellentism
1198 3887 1309 3959 regium
1321 3904 1467 3957 rogemus,

415 3973 567 4028 hortemur
576 3964 602 4006 Π
611 3979 642 4031 st
657 3976 839 4032 obsecremus
851 3976 883 4031 in
893 3976 1012 4032 domino
1024 3978 1095 4034 Jesu
1106 3977 1232 4044 Christo,
1244 3977 1383 4048 quetinus
1397 3965 1468 4030 ob¹²

447 4187 455 4220 ¹
473 4197 564 4241 ncrtm
582 4191 701 4254 repeated
724 4190 916 4258 wronglyuster
1000 4191 1145 4258 lectorem]
1165 4191 1378 4253 sederemMSS.

387 4307 399 4315 .
409 4269 584 4330 promotionis,
593 4269 648 4319 MS.
999 4271 1011 4304 ⁸
1028 4271 1089 4337 que]
1108 4271 1203 4336 ioque,
1215 4272 1247 4322 B.

446 4345 458 4381 ²
473 4347 551 4398 From
564 4349 596 4398 R.
999 4349 1010 4382 ⁹
1025 4349 1201 4410 Altomecn,
1213 4349 1244 4400 R.

444 4423 455 4458 ³
468 4427 606 4490 potissime,
618 4427 666 4487 R.;
682 4427 819 4490 potissim,
832 4429 905 4478 MSS.
999 4427 1020 4462 ¹⁰
1035 4428 1258 4484 Passerinum,
1270 4429 1300 4476 R.

446 4503 457 4534 ⁴
475 4503 597 4566 Ideoque,
608 4506 655 4564 R.;
674 4505 805 4570 Idemque,
817 4507 890 4558 MSS.
999 4506 1018 4540 ¹¹
1035 4508 1170 4570 alendae,
1179 4509 1238 4557 cdd.
1251 4509 1283 4557 R.

445 4583 456 4614 ⁵
471 4581 602 4645 providus,
615 4585 646 4634 R.
1000 4584 1020 4618 ¹¹
1037 4584 1076 4646 ed,
1088 4588 1137 4648 R.;
1155 4586 1199 4644 od,
1210 4587 1284 4636 Mus,

447 4659 457 4692 ⁸
473 4662 572 4728 animo]
593 4661 698 4721 intimis,
712 4665 744 4714 R.
