<?xml version="1.0" encoding="UTF-8"?>
<!DOCTYPE html PUBLIC "-//W3C//DTD XHTML 1.0 Transitional//EN"
    "http://www.w3.org/TR/xhtml1/DTD/xhtml1-transitional.dtd">
<html xmlns="http://www.w3.org/1999/xhtml" xml:lang="en" lang="en">
 <head>
  <title>
</title>
<meta http-equiv="Content-Type" content="text/html;charset=utf-8" />
  <meta name='ocr-system' content='tesseract 3.04.00' />
  <meta name='ocr-capabilities' content='ocr_page ocr_carea ocr_par ocr_line ocrx_word'/>
</head>
<body>
  <div class='ocr_page' id='page_1' title='image "./chroniconhenric00lumbgoog_0233.png"; bbox 0 0 3625 5784; ppageno 0'>
   <div class='ocr_carea' id='block_1_1' title="bbox 425 841 1117 906">
    <p class='ocr_par' dir='ltr' id='par_1_1' title="bbox 425 841 1117 906">
     <span class='ocr_line' id='line_1_1' title="bbox 425 841 1117 906; baseline -0.01 -1"><span class='ocrx_word' id='word_1_1' title='bbox 425 841 492 906; x_wconf 82' lang='lat'><strong>210</strong></span> <span class='ocrx_word' id='word_1_2' title='bbox 766 851 912 902; x_wconf 75' lang='lat' dir='ltr'><strong>nasama</strong></span> <span class='ocrx_word' id='word_1_3' title='bbox 935 849 1117 901; x_wconf 74' lang='lat' dir='ltr'><strong>arienses</strong></span> 
     </span>
    </p>
   </div>
   <div class='ocr_carea' id='block_1_2' title="bbox 426 1033 1480 1297">
    <p class='ocr_par' dir='ltr' id='par_1_2' title="bbox 426 1033 1480 1297">
     <span class='ocr_line' id='line_1_2' title="bbox 426 1033 1480 1116; baseline -0.008 -13"><span class='ocrx_word' id='word_1_4' title='bbox 426 1046 492 1104; x_wconf 76' lang='lat' dir='ltr'><strong>trite</strong></span> <span class='ocrx_word' id='word_1_5' title='bbox 508 1045 621 1104; x_wconf 78' lang='lat' dir='ltr'><strong>rediens</strong></span> <span class='ocrx_word' id='word_1_6' title='bbox 637 1045 672 1103; x_wconf 89' lang='lat' dir='ltr'><strong>de</strong></span> <span class='ocrx_word' id='word_1_7' title='bbox 684 1047 773 1104; x_wconf 82' lang='lat' dir='ltr'><strong>&#39;Pena</strong></span> <span class='ocrx_word' id='word_1_8' title='bbox 787 1053 888 1102; x_wconf 86' lang='lat' dir='ltr'><strong>saneta</strong></span> <span class='ocrx_word' id='word_1_9' title='bbox 903 1046 1060 1103; x_wconf 75' lang='lat' dir='ltr'><strong>aedificarit</strong></span> <span class='ocrx_word' id='word_1_10' title='bbox 1075 1050 1170 1102; x_wconf 86' lang='lat' dir='ltr'><strong>castra</strong></span> <span class='ocrx_word' id='word_1_11' title='bbox 1185 1042 1221 1100; x_wconf 88' lang='lat' dir='ltr'><strong>de</strong></span> <span class='ocrx_word' id='word_1_12' title='bbox 1236 1033 1430 1116; x_wconf 63' lang='lat' dir='ltr'><strong>(larthaleya¹</strong></span> <span class='ocrx_word' id='word_1_13' title='bbox 1444 1041 1480 1095; x_wconf 91' lang='lat' dir='ltr'><strong>de</strong></span> 
     </span>
     <span class='ocr_line' id='line_1_3' title="bbox 426 1125 1480 1204; baseline -0.007 -13"><span class='ocrx_word' id='word_1_14' title='bbox 426 1135 544 1204; x_wconf 87' lang='lat' dir='ltr'><strong>Boston‚</strong></span> <span class='ocrx_word' id='word_1_15' title='bbox 560 1142 590 1192; x_wconf 91' lang='lat' dir='ltr'><strong>et</strong></span> <span class='ocrx_word' id='word_1_16' title='bbox 608 1137 774 1192; x_wconf 75' lang='lat' dir='ltr'><strong>abbathiam</strong></span> <span class='ocrx_word' id='word_1_17' title='bbox 790 1136 826 1190; x_wconf 91' lang='lat' dir='ltr'><strong>de</strong></span> <span class='ocrx_word' id='word_1_18' title='bbox 840 1125 1047 1193; x_wconf 72' lang='lat' dir='ltr'><strong>Dewlencros²</strong></span> <span class='ocrx_word' id='word_1_19' title='bbox 1069 1135 1130 1190; x_wconf 89' lang='lat' dir='ltr'><strong>albi</strong></span> <span class='ocrx_word' id='word_1_20' title='bbox 1152 1134 1282 1200; x_wconf 86' lang='lat' dir='ltr'><strong>ordinis;</strong></span> <span class='ocrx_word' id='word_1_21' title='bbox 1304 1132 1480 1203; x_wconf 85' lang='lat' dir='ltr'><strong>adquorum</strong></span> 
     </span>
     <span class='ocr_line' id='line_1_4' title="bbox 428 1224 1479 1297; baseline -0.005 -18"><span class='ocrx_word' id='word_1_22' title='bbox 428 1231 562 1296; x_wconf 86' lang='lat' dir='ltr'><strong>sumptas</strong></span> <span class='ocrx_word' id='word_1_23' title='bbox 585 1232 744 1282; x_wconf 85' lang='lat' dir='ltr'><strong>castrorum</strong></span> <span class='ocrx_word' id='word_1_24' title='bbox 776 1224 854 1296; x_wconf 89' lang='lat' dir='ltr'><strong>cepit</strong></span> <span class='ocrx_word' id='word_1_25' title='bbox 875 1225 1030 1296; x_wconf 87' lang='lat' dir='ltr'><strong>tallaginm</strong></span> <span class='ocrx_word' id='word_1_26' title='bbox 1057 1243 1110 1297; x_wconf 87' lang='lat' dir='ltr'><strong>per</strong></span> <span class='ocrx_word' id='word_1_27' title='bbox 1131 1229 1224 1279; x_wconf 89' lang='lat' dir='ltr'><strong>totam</strong></span> <span class='ocrx_word' id='word_1_28' title='bbox 1257 1229 1365 1277; x_wconf 83' lang='lat' dir='ltr'><strong>terram</strong></span> <span class='ocrx_word' id='word_1_29' title='bbox 1388 1237 1479 1275; x_wconf 85' lang='lat' dir='ltr'><strong>snam.</strong></span> 
     </span>
    </p>
   </div>
   <div class='ocr_carea' id='block_1_3' title="bbox 335 1303 1481 1386">
    <p class='ocr_par' dir='ltr' id='par_1_3' title="bbox 335 1303 1481 1386">
     <span class='ocr_line' id='line_1_5' title="bbox 335 1303 1481 1386; baseline -0.006 -17"><span class='ocrx_word' id='word_1_30' title='bbox 335 1311 340 1322; x_wconf 80' lang='grc'><strong>’</strong></span> <span class='ocrx_word' id='word_1_31' title='bbox 429 1303 548 1369; x_wconf 77' lang='lat' dir='ltr'><strong>³Facta</strong></span> <span class='ocrx_word' id='word_1_32' title='bbox 570 1320 614 1370; x_wconf 85' lang='lat' dir='ltr'><strong>est</strong></span> <span class='ocrx_word' id='word_1_33' title='bbox 636 1315 789 1371; x_wconf 64' lang='lat' dir='ltr'><strong>tanslatio</strong></span> <span class='ocrx_word' id='word_1_34' title='bbox 811 1314 889 1370; x_wconf 87' lang='lat' dir='ltr'><strong>beati</strong></span> <span class='ocrx_word' id='word_1_35' title='bbox 912 1316 1032 1371; x_wconf 79' lang='lat' dir='ltr'><strong>Thomoe</strong></span> <span class='ocrx_word' id='word_1_36' title='bbox 1055 1313 1192 1386; x_wconf 85' lang='lat' dir='ltr'><strong>martyris</strong></span> <span class='ocrx_word' id='word_1_37' title='bbox 1214 1330 1266 1384; x_wconf 86' lang='lat' dir='ltr'><strong>per</strong></span> <span class='ocrx_word' id='word_1_38' title='bbox 1300 1311 1481 1382; x_wconf 71' lang='lat' dir='ltr'>Stephanum</span> 
     </span>
    </p>
   </div>
   <div class='ocr_carea' id='block_1_4' title="bbox 427 1399 1486 4239">
    <p class='ocr_par' dir='ltr' id='par_1_4' title="bbox 428 1399 1482 2008">
     <span class='ocr_line' id='line_1_6' title="bbox 428 1399 1481 1476; baseline -0.005 -19"><span class='ocrx_word' id='word_1_39' title='bbox 428 1403 688 1475; x_wconf 84' lang='lat' dir='ltr'><strong>archiepiscopum,</strong></span> <span class='ocrx_word' id='word_1_40' title='bbox 713 1403 764 1476; x_wconf 89' lang='lat' dir='ltr'><strong>qui</strong></span> <span class='ocrx_word' id='word_1_41' title='bbox 786 1403 910 1460; x_wconf 88' lang='lat' dir='ltr'><strong>durante</strong></span> <span class='ocrx_word' id='word_1_42' title='bbox 937 1403 1140 1476; x_wconf 73' lang='lat' dir='ltr'><strong>solempnitate</strong></span> <span class='ocrx_word' id='word_1_43' title='bbox 1162 1400 1296 1458; x_wconf 76' lang='lat' dir='ltr'>exhibuit</span> <span class='ocrx_word' id='word_1_44' title='bbox 1318 1399 1481 1469; x_wconf 79' lang='lat' dir='ltr'>cuicunque</span> 
     </span>
     <span class='ocr_line' id='line_1_7' title="bbox 429 1488 1481 1566; baseline -0.005 -20"><span class='ocrx_word' id='word_1_45' title='bbox 429 1491 541 1563; x_wconf 80' lang='lat' dir='ltr'><strong>petenti</strong></span> <span class='ocrx_word' id='word_1_46' title='bbox 563 1493 662 1549; x_wconf 81' lang='lat' dir='ltr'><strong>lenum</strong></span> <span class='ocrx_word' id='word_1_47' title='bbox 685 1499 715 1549; x_wconf 93' lang='lat' dir='ltr'><strong>et</strong></span> <span class='ocrx_word' id='word_1_48' title='bbox 738 1493 922 1566; x_wconf 74' lang='lat' dir='ltr'><strong>prebendam</strong></span> <span class='ocrx_word' id='word_1_49' title='bbox 958 1513 976 1549; x_wconf 94' lang='lat' dir='ltr'><strong>a</strong></span> <span class='ocrx_word' id='word_1_50' title='bbox 998 1492 1150 1549; x_wconf 86' lang='lat' dir='ltr'><strong>Londonia</strong></span> <span class='ocrx_word' id='word_1_51' title='bbox 1172 1509 1262 1562; x_wconf 86' lang='lat' dir='ltr'><strong>usque</strong></span> <span class='ocrx_word' id='word_1_52' title='bbox 1293 1489 1331 1544; x_wconf 83' lang='lat' dir='ltr'><strong>ad</strong></span> <span class='ocrx_word' id='word_1_53' title='bbox 1354 1488 1481 1545; x_wconf 84' lang='lat' dir='ltr'><strong>Oantna·</strong></span> 
     </span>
     <span class='ocr_line' id='line_1_8' title="bbox 428 1577 1481 1653; baseline -0.007 -17"><span class='ocrx_word' id='word_1_54' title='bbox 428 1582 502 1636; x_wconf 81' lang='lat' dir='ltr'><strong>riam</strong></span> <span class='ocrx_word' id='word_1_55' title='bbox 539 1599 591 1653; x_wconf 88' lang='lat' dir='ltr'><strong>per</strong></span> <span class='ocrx_word' id='word_1_56' title='bbox 628 1583 706 1640; x_wconf 84' lang='lat' dir='ltr'><strong>viam</strong></span> <span class='ocrx_word' id='word_1_57' title='bbox 740 1581 898 1639; x_wconf 84' lang='lat' dir='ltr'><strong>itineranti</strong></span> <span class='ocrx_word' id='word_1_58' title='bbox 953 1581 1036 1637; x_wconf 80' lang='lat' dir='ltr'><strong>&#39;Fecit</strong></span> <span class='ocrx_word' id='word_1_59' title='bbox 1069 1581 1159 1638; x_wconf 87' lang='lat' dir='ltr'><strong>etiam</strong></span> <span class='ocrx_word' id='word_1_60' title='bbox 1191 1598 1243 1652; x_wconf 88' lang='lat' dir='ltr'><strong>per</strong></span> <span class='ocrx_word' id='word_1_61' title='bbox 1276 1584 1370 1634; x_wconf 89' lang='lat' dir='ltr'><strong>totum</strong></span> <span class='ocrx_word' id='word_1_62' title='bbox 1403 1577 1481 1630; x_wconf 86' lang='lat' dir='ltr'><strong>diem</strong></span> 
     </span>
     <span class='ocr_line' id='line_1_9' title="bbox 428 1666 1482 1742; baseline -0.006 -17"><span class='ocrx_word' id='word_1_63' title='bbox 428 1671 629 1727; x_wconf 71' lang='lat' dir='ltr'><strong>translationis</strong></span> <span class='ocrx_word' id='word_1_64' title='bbox 652 1672 754 1727; x_wconf 81' lang='lat' dir='ltr'><strong>vinnm</strong></span> <span class='ocrx_word' id='word_1_65' title='bbox 775 1669 888 1742; x_wconf 85' lang='lat' dir='ltr'><strong>jugiter</strong></span> <span class='ocrx_word' id='word_1_66' title='bbox 912 1671 942 1726; x_wconf 92' lang='lat' dir='ltr'><strong>in</strong></span> <span class='ocrx_word' id='word_1_67' title='bbox 967 1671 1116 1726; x_wconf 87' lang='lat' dir='ltr'><strong>canalibus</strong></span> <span class='ocrx_word' id='word_1_68' title='bbox 1140 1687 1191 1741; x_wconf 90' lang='lat' dir='ltr'><strong>per</strong></span> <span class='ocrx_word' id='word_1_69' title='bbox 1213 1668 1295 1725; x_wconf 84' lang='lat' dir='ltr'><strong>varia</strong></span> <span class='ocrx_word' id='word_1_70' title='bbox 1315 1667 1396 1721; x_wconf 88' lang='lat' dir='ltr'><strong>urbis</strong></span> <span class='ocrx_word' id='word_1_71' title='bbox 1418 1666 1482 1720; x_wconf 92' lang='lat' dir='ltr'><strong>loca</strong></span> 
     </span>
     <span class='ocr_line' id='line_1_10' title="bbox 429 1755 1480 1832; baseline -0.006 -18"><span class='ocrx_word' id='word_1_72' title='bbox 429 1759 589 1826; x_wconf 79' lang='lat' dir='ltr'><strong>distillare3</strong></span> <span class='ocrx_word' id='word_1_73' title='bbox 614 1761 691 1816; x_wconf 86' lang='lat' dir='ltr'><strong>unde</strong></span> <span class='ocrx_word' id='word_1_74' title='bbox 714 1764 745 1816; x_wconf 89' lang='lat' dir='ltr'><strong>ct</strong></span> <span class='ocrx_word' id='word_1_75' title='bbox 766 1777 906 1832; x_wconf 80' lang='lat' dir='ltr'><strong>expensas</strong></span> <span class='ocrx_word' id='word_1_76' title='bbox 929 1778 1000 1830; x_wconf 86' lang='lat' dir='ltr'><strong>quas</strong></span> <span class='ocrx_word' id='word_1_77' title='bbox 1024 1759 1190 1830; x_wconf 82' lang='lat' dir='ltr'><strong>Stephanus</strong></span> <span class='ocrx_word' id='word_1_78' title='bbox 1213 1757 1245 1812; x_wconf 88' lang='lat' dir='ltr'><strong>in</strong></span> <span class='ocrx_word' id='word_1_79' title='bbox 1268 1757 1323 1811; x_wconf 90' lang='lat' dir='ltr'><strong>hac</strong></span> <span class='ocrx_word' id='word_1_80' title='bbox 1346 1755 1480 1812; x_wconf 89' lang='lat' dir='ltr'><strong>solemni·</strong></span> 
     </span>
     <span class='ocr_line' id='line_1_11' title="bbox 428 1843 1481 1920; baseline -0.008 -16"><span class='ocrx_word' id='word_1_81' title='bbox 428 1852 489 1904; x_wconf 85' lang='lat' dir='ltr'><strong>tate</strong></span> <span class='ocrx_word' id='word_1_82' title='bbox 538 1849 672 1905; x_wconf 76' lang='lat' dir='ltr'><strong>exhibuit</strong></span> <span class='ocrx_word' id='word_1_83' title='bbox 717 1854 835 1920; x_wconf 74' lang='lat' dir='ltr'><strong>quartm</strong></span> <span class='ocrx_word' id='word_1_84' title='bbox 888 1849 951 1920; x_wconf 88' lang='lat' dir='ltr'><strong>ejus</strong></span> <span class='ocrx_word' id='word_1_85' title='bbox 1007 1867 1154 1905; x_wconf 73' lang='lat' dir='ltr'><strong>successor</strong></span> <span class='ocrx_word' id='word_1_86' title='bbox 1208 1845 1376 1902; x_wconf 79' lang='lat' dir='ltr'><strong>Bonifacias</strong></span> <span class='ocrx_word' id='word_1_87' title='bbox 1432 1843 1481 1898; x_wconf 80' lang='lat' dir='ltr'><strong>rix</strong></span> 
     </span>
     <span class='ocr_line' id='line_1_12' title="bbox 429 1937 578 2008; baseline 0 -16"><span class='ocrx_word' id='word_1_88' title='bbox 429 1937 578 2008; x_wconf 80' lang='lat' dir='ltr'><strong>persolvit.</strong></span> 
     </span>
    </p>

    <p class='ocr_par' dir='ltr' id='par_1_5' title="bbox 427 2025 1484 2812">
     <span class='ocr_line' id='line_1_13' title="bbox 472 2025 1483 2094; baseline -0.002 -14"><span class='ocrx_word' id='word_1_89' title='bbox 472 2026 638 2082; x_wconf 77' lang='lat' dir='ltr'><strong>Alexander</strong></span> <span class='ocrx_word' id='word_1_90' title='bbox 671 2044 721 2082; x_wconf 82' lang='lat' dir='ltr'><strong>rex</strong></span> <span class='ocrx_word' id='word_1_91' title='bbox 746 2028 852 2083; x_wconf 85' lang='lat' dir='ltr'><strong>Scotiae</strong></span> <span class='ocrx_word' id='word_1_92' title='bbox 885 2026 970 2082; x_wconf 85' lang='lat' dir='ltr'><strong>duxit</strong></span> <span class='ocrx_word' id='word_1_93' title='bbox 993 2027 1025 2081; x_wconf 90' lang='lat' dir='ltr'><strong>in</strong></span> <span class='ocrx_word' id='word_1_94' title='bbox 1058 2043 1177 2082; x_wconf 85' lang='lat' dir='ltr'><strong>uxorem</strong></span> <span class='ocrx_word' id='word_1_95' title='bbox 1208 2026 1374 2081; x_wconf 84' lang='lat' dir='ltr'><strong>Johannam</strong></span> <span class='ocrx_word' id='word_1_96' title='bbox 1405 2025 1483 2094; x_wconf 82' lang='lat' dir='ltr'><strong>rogis</strong></span> 
     </span>
     <span class='ocr_line' id='line_1_14' title="bbox 428 2109 1483 2184; baseline -0.003 -15"><span class='ocrx_word' id='word_1_97' title='bbox 428 2115 550 2170; x_wconf 88' lang='lat' dir='ltr'><strong>Henrici</strong></span> <span class='ocrx_word' id='word_1_98' title='bbox 574 2133 709 2171; x_wconf 85' lang='lat' dir='ltr'><strong>sororem.</strong></span> <span class='ocrx_word' id='word_1_99' title='bbox 755 2109 817 2170; x_wconf 68' lang='lat' dir='ltr'><strong>Ia4</strong></span> <span class='ocrx_word' id='word_1_100' title='bbox 849 2115 896 2170; x_wconf 85' lang='lat' dir='ltr'><strong>die</strong></span> <span class='ocrx_word' id='word_1_101' title='bbox 930 2117 1024 2170; x_wconf 83' lang='lat' dir='ltr'><strong>sancti</strong></span> <span class='ocrx_word' id='word_1_102' title='bbox 1056 2116 1145 2172; x_wconf 67' lang='lat' dir='ltr'><strong>Lucas</strong></span> <span class='ocrx_word' id='word_1_103' title='bbox 1177 2113 1365 2184; x_wconf 67' lang='lat' dir='ltr'><strong>evengelistae</strong></span> <span class='ocrx_word' id='word_1_104' title='bbox 1397 2114 1483 2168; x_wconf 86' lang='lat' dir='ltr'><strong>irruit</strong></span> 
     </span>
     <span class='ocr_line' id='line_1_15' title="bbox 428 2205 1481 2276; baseline -0.003 -16"><span class='ocrx_word' id='word_1_105' title='bbox 428 2209 533 2260; x_wconf 75' lang='lat' dir='ltr'><strong>ventiis</strong></span> <span class='ocrx_word' id='word_1_106' title='bbox 573 2223 591 2260; x_wconf 92' lang='lat' dir='ltr'><strong>a</strong></span> <span class='ocrx_word' id='word_1_107' title='bbox 628 2207 824 2276; x_wconf 78' lang='lat' dir='ltr'><strong>septentrione</strong></span> <span class='ocrx_word' id='word_1_108' title='bbox 863 2205 997 2276; x_wconf 83' lang='lat' dir='ltr'><strong>quatiens</strong></span> <span class='ocrx_word' id='word_1_109' title='bbox 1035 2205 1145 2271; x_wconf 89' lang='lat' dir='ltr'><strong>domos,</strong></span> <span class='ocrx_word' id='word_1_110' title='bbox 1179 2205 1318 2276; x_wconf 89' lang='lat' dir='ltr'><strong>pomaria,</strong></span> <span class='ocrx_word' id='word_1_111' title='bbox 1352 2221 1481 2266; x_wconf 87' lang='lat' dir='ltr'><strong>nemora,</strong></span> 
     </span>
     <span class='ocr_line' id='line_1_16' title="bbox 430 2283 1482 2364; baseline -0.002 -18"><span class='ocrx_word' id='word_1_112' title='bbox 430 2298 525 2348; x_wconf 81' lang='lat' dir='ltr'><strong>turres</strong></span> <span class='ocrx_word' id='word_1_113' title='bbox 547 2293 752 2360; x_wconf 67' lang='lat' dir='ltr'><strong>ecclesiarum</strong></span> <span class='ocrx_word' id='word_1_114' title='bbox 777 2295 834 2350; x_wconf 78' lang='lat' dir='ltr'><strong>risi</strong></span> <span class='ocrx_word' id='word_1_115' title='bbox 856 2283 1007 2364; x_wconf 81' lang='lat' dir='ltr'><strong>suntque⁶</strong></span> <span class='ocrx_word' id='word_1_116' title='bbox 1041 2295 1180 2350; x_wconf 83' lang='lat' dir='ltr'><strong>dracones</strong></span> <span class='ocrx_word' id='word_1_117' title='bbox 1203 2293 1284 2364; x_wconf 89' lang='lat' dir='ltr'><strong>ignei</strong></span> <span class='ocrx_word' id='word_1_118' title='bbox 1306 2297 1336 2348; x_wconf 92' lang='lat' dir='ltr'><strong>et</strong></span> <span class='ocrx_word' id='word_1_119' title='bbox 1359 2291 1482 2362; x_wconf 84' lang='lat' dir='ltr'><strong>maligni</strong></span> 
     </span>
     <span class='ocr_line' id='line_1_17' title="bbox 429 2379 1483 2454; baseline -0.002 -18"><span class='ocrx_word' id='word_1_120' title='bbox 429 2381 550 2453; x_wconf 87' lang='lat' dir='ltr'><strong>spiritns</strong></span> <span class='ocrx_word' id='word_1_121' title='bbox 572 2382 604 2437; x_wconf 91' lang='lat' dir='ltr'><strong>in</strong></span> <span class='ocrx_word' id='word_1_122' title='bbox 639 2383 755 2438; x_wconf 89' lang='lat' dir='ltr'><strong>turbine</strong></span> <span class='ocrx_word' id='word_1_123' title='bbox 780 2384 910 2439; x_wconf 83' lang='lat' dir='ltr'><strong>volitare.</strong></span> <span class='ocrx_word' id='word_1_124' title='bbox 957 2385 994 2438; x_wconf 91' lang='lat' dir='ltr'><strong>In</strong></span> <span class='ocrx_word' id='word_1_125' title='bbox 1018 2384 1139 2439; x_wconf 88' lang='lat' dir='ltr'><strong>consilio</strong></span> <span class='ocrx_word' id='word_1_126' title='bbox 1168 2383 1370 2454; x_wconf 84' lang='lat' dir='ltr'><strong>episcoporum</strong></span> <span class='ocrx_word' id='word_1_127' title='bbox 1404 2379 1483 2452; x_wconf 89' lang='lat' dir='ltr'><strong>apud</strong></span> 
     </span>
     <span class='ocr_line' id='line_1_18' title="bbox 431 2470 1482 2543; baseline -0.002 -17"><span class='ocrx_word' id='word_1_128' title='bbox 431 2470 574 2527; x_wconf 88' lang='lat' dir='ltr'><strong>Oxoniam</strong></span> <span class='ocrx_word' id='word_1_129' title='bbox 606 2473 831 2543; x_wconf 85' lang='lat' dir='ltr'><strong>comprehensas</strong></span> <span class='ocrx_word' id='word_1_130' title='bbox 861 2479 906 2528; x_wconf 90' lang='lat' dir='ltr'><strong>est</strong></span> <span class='ocrx_word' id='word_1_131' title='bbox 940 2472 1060 2543; x_wconf 88' lang='lat' dir='ltr'><strong>quidam</strong></span> <span class='ocrx_word' id='word_1_132' title='bbox 1081 2473 1191 2528; x_wconf 86' lang='lat' dir='ltr'><strong>habens</strong></span> <span class='ocrx_word' id='word_1_133' title='bbox 1225 2471 1256 2526; x_wconf 90' lang='lat' dir='ltr'><strong>in</strong></span> <span class='ocrx_word' id='word_1_134' title='bbox 1280 2488 1399 2541; x_wconf 90' lang='lat' dir='ltr'><strong>corpore</strong></span> <span class='ocrx_word' id='word_1_135' title='bbox 1430 2487 1482 2524; x_wconf 90' lang='lat' dir='ltr'><strong>sno</strong></span> 
     </span>
     <span class='ocr_line' id='line_1_19' title="bbox 430 2558 1484 2629; baseline -0.004 -14"><span class='ocrx_word' id='word_1_136' title='bbox 430 2561 552 2616; x_wconf 80' lang='lat' dir='ltr'><strong>vulnera</strong></span> <span class='ocrx_word' id='word_1_137' title='bbox 574 2559 729 2617; x_wconf 67' lang='lat' dir='ltr'><strong>dominica</strong></span> <span class='ocrx_word' id='word_1_138' title='bbox 764 2561 971 2626; x_wconf 82' lang='lat' dir='ltr'><strong>crucifixionis,</strong></span> <span class='ocrx_word' id='word_1_139' title='bbox 995 2561 1095 2618; x_wconf 91' lang='lat' dir='ltr'><strong>dicens</strong></span> <span class='ocrx_word' id='word_1_140' title='bbox 1128 2579 1159 2617; x_wconf 85' lang='lat' dir='ltr'><strong>se</strong></span> <span class='ocrx_word' id='word_1_141' title='bbox 1192 2579 1254 2617; x_wconf 89' lang='lat' dir='ltr'><strong>esse</strong></span> <span class='ocrx_word' id='word_1_142' title='bbox 1287 2560 1407 2624; x_wconf 85' lang='lat' dir='ltr'><strong>Jesnm;</strong></span> <span class='ocrx_word' id='word_1_143' title='bbox 1432 2558 1484 2629; x_wconf 88' lang='lat' dir='ltr'><strong>qui</strong></span> 
     </span>
     <span class='ocr_line' id='line_1_20' title="bbox 427 2647 1483 2724; baseline -0.001 -20"><span class='ocrx_word' id='word_1_144' title='bbox 427 2647 540 2719; x_wconf 87' lang='lat' dir='ltr'><strong>jndicio</strong></span> <span class='ocrx_word' id='word_1_145' title='bbox 561 2649 690 2706; x_wconf 83' lang='lat' dir='ltr'><strong>ccclesiae</strong></span> <span class='ocrx_word' id='word_1_146' title='bbox 714 2651 882 2707; x_wconf 86' lang='lat' dir='ltr'><strong>tradebatur</strong></span> <span class='ocrx_word' id='word_1_147' title='bbox 904 2650 1079 2724; x_wconf 87' lang='lat' dir='ltr'><strong>puniendus,</strong></span> <span class='ocrx_word' id='word_1_148' title='bbox 1102 2657 1132 2707; x_wconf 87' lang='lat' dir='ltr'><strong>et</strong></span> <span class='ocrx_word' id='word_1_149' title='bbox 1161 2650 1317 2706; x_wconf 85' lang='lat' dir='ltr'><strong>crucifixus</strong></span> <span class='ocrx_word' id='word_1_150' title='bbox 1339 2653 1384 2704; x_wconf 90' lang='lat' dir='ltr'><strong>est</strong></span> <span class='ocrx_word' id='word_1_151' title='bbox 1405 2647 1483 2720; x_wconf 87' lang='lat' dir='ltr'><strong>apud</strong></span> 
     </span>
     <span class='ocr_line' id='line_1_21' title="bbox 433 2737 615 2812; baseline -0.005 -18"><span class='ocrx_word' id='word_1_152' title='bbox 433 2737 615 2812; x_wconf 82' lang='lat' dir='ltr'><strong>Abburbury.</strong></span> 
     </span>
    </p>

    <p class='ocr_par' dir='ltr' id='par_1_6' title="bbox 431 2817 1484 3152">
     <span class='ocr_line' id='line_1_22' title="bbox 476 2817 1484 2902; baseline -0.004 -18"><span class='ocrx_word' id='word_1_153' title='bbox 476 2828 624 2902; x_wconf 85' lang='lat' dir='ltr'><strong>Johannes</strong></span> <span class='ocrx_word' id='word_1_154' title='bbox 647 2827 725 2884; x_wconf 88' lang='lat' dir='ltr'><strong>filins</strong></span> <span class='ocrx_word' id='word_1_155' title='bbox 748 2828 844 2884; x_wconf 85' lang='lat' dir='ltr'><strong>David</strong></span> <span class='ocrx_word' id='word_1_156' title='bbox 877 2829 992 2885; x_wconf 89' lang='lat' dir='ltr'><strong>comitis</strong></span> <span class='ocrx_word' id='word_1_157' title='bbox 1024 2830 1060 2886; x_wconf 89' lang='lat' dir='ltr'><strong>de</strong></span> <span class='ocrx_word' id='word_1_158' title='bbox 1093 2827 1192 2886; x_wconf 85' lang='lat' dir='ltr'><strong>Scotia</strong></span> <span class='ocrx_word' id='word_1_159' title='bbox 1223 2827 1307 2884; x_wconf 82' lang='lat' dir='ltr'><strong>duxit</strong></span> <span class='ocrx_word' id='word_1_160' title='bbox 1340 2817 1484 2882; x_wconf 77' lang='grc' dir='ltr'><strong>ιιιιοιοιιι6</strong></span> 
     </span>
     <span class='ocr_line' id='line_1_23' title="bbox 431 2897 1484 2990; baseline 0 -20"><span class='ocrx_word' id='word_1_161' title='bbox 431 2915 522 2972; x_wconf 86' lang='lat' dir='ltr'><strong>filiam</strong></span> <span class='ocrx_word' id='word_1_162' title='bbox 546 2917 668 2974; x_wconf 78' lang='lat' dir='ltr'><strong>Iewlini</strong></span> <span class='ocrx_word' id='word_1_163' title='bbox 692 2917 834 2990; x_wconf 88' lang='lat' dir='ltr'><strong>principis</strong></span> <span class='ocrx_word' id='word_1_164' title='bbox 850 2917 965 2975; x_wconf 81' lang='lat' dir='ltr'><strong>Walliae</strong></span> <span class='ocrx_word' id='word_1_165' title='bbox 988 2924 1129 2990; x_wconf 89' lang='lat' dir='ltr'><strong>tanquam</strong></span> <span class='ocrx_word' id='word_1_166' title='bbox 1153 2937 1205 2990; x_wconf 90' lang='lat' dir='ltr'><strong>pro</strong></span> <span class='ocrx_word' id='word_1_167' title='bbox 1228 2918 1311 2973; x_wconf 88' lang='lat' dir='ltr'><strong>finali</strong></span> <span class='ocrx_word' id='word_1_168' title='bbox 1329 2897 1484 2972; x_wconf 77' lang='lat' dir='ltr'><strong>coricordia</strong></span> 
     </span>
     <span class='ocr_line' id='line_1_24' title="bbox 431 3003 1483 3077; baseline -0.001 -17"><span class='ocrx_word' id='word_1_169' title='bbox 431 3003 509 3062; x_wconf 90' lang='lat' dir='ltr'><strong>inter</strong></span> <span class='ocrx_word' id='word_1_170' title='bbox 532 3005 628 3077; x_wconf 88' lang='lat' dir='ltr'><strong>ipsam</strong></span> <span class='ocrx_word' id='word_1_171' title='bbox 651 3007 815 3064; x_wconf 77' lang='lat' dir='ltr'><strong>Lewlinum</strong></span> <span class='ocrx_word' id='word_1_172' title='bbox 839 3013 869 3063; x_wconf 92' lang='lat' dir='ltr'><strong>et</strong></span> <span class='ocrx_word' id='word_1_173' title='bbox 891 3009 1070 3064; x_wconf 81' lang='lat' dir='ltr'><strong>arunculam</strong></span> <span class='ocrx_word' id='word_1_174' title='bbox 1100 3025 1186 3064; x_wconf 87' lang='lat' dir='ltr'><strong>suum</strong></span> <span class='ocrx_word' id='word_1_175' title='bbox 1209 3007 1370 3064; x_wconf 81' lang='lat' dir='ltr'><strong>Ranulinm</strong></span> <span class='ocrx_word' id='word_1_176' title='bbox 1393 3004 1483 3060; x_wconf 87' lang='lat' dir='ltr'><strong>comi-</strong></span> 
     </span>
     <span class='ocr_line' id='line_1_25' title="bbox 431 3095 643 3152; baseline 0.005 -1"><span class='ocrx_word' id='word_1_177' title='bbox 431 3099 490 3151; x_wconf 89' lang='lat' dir='ltr'><strong>tem</strong></span> <span class='ocrx_word' id='word_1_178' title='bbox 514 3095 643 3152; x_wconf 82' lang='lat' dir='ltr'><strong>Oestrioe.</strong></span> 
     </span>
    </p>

    <p class='ocr_par' dir='ltr' id='par_1_7' title="bbox 430 3185 1485 3623">
     <span class='ocr_line' id='line_1_26' title="bbox 477 3185 1484 3258; baseline -0.001 -19"><span class='ocrx_word' id='word_1_179' title='bbox 477 3185 625 3240; x_wconf 85' lang='lat' dir='ltr'><strong>Johannes</strong></span> <span class='ocrx_word' id='word_1_180' title='bbox 653 3203 702 3241; x_wconf 85' lang='lat' dir='ltr'><strong>rex</strong></span> <span class='ocrx_word' id='word_1_181' title='bbox 734 3185 978 3258; x_wconf 84' lang='lat' dir='ltr'><strong>Ierosolymoram</strong></span> <span class='ocrx_word' id='word_1_182' title='bbox 1001 3189 1082 3242; x_wconf 82' lang='lat' dir='ltr'><strong>venit</strong></span> <span class='ocrx_word' id='word_1_183' title='bbox 1113 3185 1145 3241; x_wconf 91' lang='lat' dir='ltr'><strong>in</strong></span> <span class='ocrx_word' id='word_1_184' title='bbox 1168 3185 1308 3258; x_wconf 84' lang='lat' dir='ltr'><strong>Angliam</strong></span> <span class='ocrx_word' id='word_1_185' title='bbox 1341 3201 1395 3257; x_wconf 88' lang='lat' dir='ltr'><strong>pro</strong></span> <span class='ocrx_word' id='word_1_186' title='bbox 1417 3201 1484 3240; x_wconf 89' lang='lat' dir='ltr'><strong>sac·</strong></span> 
     </span>
     <span class='ocr_line' id='line_1_27' title="bbox 430 3269 1482 3346; baseline 0 -18"><span class='ocrx_word' id='word_1_187' title='bbox 430 3291 518 3328; x_wconf 82' lang='lat' dir='ltr'><strong>cursu</strong></span> <span class='ocrx_word' id='word_1_188' title='bbox 549 3274 645 3329; x_wconf 69' lang='lat' dir='ltr'><strong>Tarra</strong></span> <span class='ocrx_word' id='word_1_189' title='bbox 679 3277 797 3330; x_wconf 73' lang='lat' dir='ltr'><strong>sanata.</strong></span> <span class='ocrx_word' id='word_1_190' title='bbox 842 3276 996 3346; x_wconf 78' lang='lat' dir='ltr'><strong>Magnetes</strong></span> <span class='ocrx_word' id='word_1_191' title='bbox 1032 3275 1152 3346; x_wconf 82' lang='lat' dir='ltr'><strong>Angliae</strong></span> <span class='ocrx_word' id='word_1_192' title='bbox 1183 3278 1388 3331; x_wconf 83' lang='lat' dir='ltr'><strong>concesserunt</strong></span> <span class='ocrx_word' id='word_1_193' title='bbox 1417 3269 1482 3342; x_wconf 86' lang='lat' dir='ltr'><strong>regi</strong></span> 
     </span>
     <span class='ocr_line' id='line_1_28' title="bbox 430 3361 1485 3436; baseline -0.002 -20"><span class='ocrx_word' id='word_1_194' title='bbox 430 3361 559 3417; x_wconf 88' lang='lat' dir='ltr'><strong>Henrico</strong></span> <span class='ocrx_word' id='word_1_195' title='bbox 588 3362 700 3418; x_wconf 77' lang='lat' dir='ltr'><strong>werdae</strong></span> <span class='ocrx_word' id='word_1_196' title='bbox 733 3363 882 3419; x_wconf 71' lang='lat' dir='ltr'><strong>haredum</strong></span> <span class='ocrx_word' id='word_1_197' title='bbox 914 3369 945 3419; x_wconf 88' lang='lat' dir='ltr'><strong>et</strong></span> <span class='ocrx_word' id='word_1_198' title='bbox 978 3370 1122 3420; x_wconf 84' lang='lat' dir='ltr'><strong>terraram</strong></span> <span class='ocrx_word' id='word_1_199' title='bbox 1153 3382 1280 3430; x_wconf 85' lang='lat' dir='ltr'><strong>suarum,</strong></span> <span class='ocrx_word' id='word_1_200' title='bbox 1315 3362 1393 3436; x_wconf 88' lang='lat' dir='ltr'><strong>qnod</strong></span> <span class='ocrx_word' id='word_1_201' title='bbox 1426 3361 1485 3416; x_wconf 86' lang='lat' dir='ltr'><strong>fnit</strong></span> 
     </span>
     <span class='ocr_line' id='line_1_29' title="bbox 432 3449 1484 3524; baseline 0.004 -22"><span class='ocrx_word' id='word_1_202' title='bbox 432 3449 551 3504; x_wconf 88' lang='lat' dir='ltr'><strong>initium</strong></span> <span class='ocrx_word' id='word_1_203' title='bbox 574 3451 733 3506; x_wconf 81' lang='lat' dir='ltr'><strong>maltorum</strong></span> <span class='ocrx_word' id='word_1_204' title='bbox 765 3453 907 3508; x_wconf 89' lang='lat' dir='ltr'><strong>malornm</strong></span> <span class='ocrx_word' id='word_1_205' title='bbox 942 3452 975 3506; x_wconf 90' lang='lat' dir='ltr'><strong>in</strong></span> <span class='ocrx_word' id='word_1_206' title='bbox 996 3453 1124 3524; x_wconf 79' lang='lat' dir='ltr'><strong>Angliaa.</strong></span> <span class='ocrx_word' id='word_1_207' title='bbox 1170 3456 1209 3509; x_wconf 83' lang='lat' dir='ltr'><strong>Et</strong></span> <span class='ocrx_word' id='word_1_208' title='bbox 1242 3455 1301 3510; x_wconf 91' lang='lat' dir='ltr'><strong>cito</strong></span> <span class='ocrx_word' id='word_1_209' title='bbox 1322 3456 1390 3524; x_wconf 90' lang='lat' dir='ltr'><strong>post</strong></span> <span class='ocrx_word' id='word_1_210' title='bbox 1419 3451 1484 3507; x_wconf 78' lang='lat' dir='ltr'><strong>haec</strong></span> 
     </span>
     <span class='ocr_line' id='line_1_30' title="bbox 431 3532 1439 3623; baseline 0.003 -30"><span class='ocrx_word' id='word_1_211' title='bbox 431 3555 483 3593; x_wconf 87' lang='lat' dir='ltr'><strong>rex</strong></span> <span class='ocrx_word' id='word_1_212' title='bbox 505 3539 650 3594; x_wconf 85' lang='lat' dir='ltr'><strong>Heuricas</strong></span> <span class='ocrx_word' id='word_1_213' title='bbox 673 3539 753 3611; x_wconf 90' lang='lat' dir='ltr'><strong>cepit</strong></span> <span class='ocrx_word' id='word_1_214' title='bbox 775 3532 1077 3623; x_wconf 78' lang='lat' dir='ltr'><strong>quintamdecimam⁷</strong></span> <span class='ocrx_word' id='word_1_215' title='bbox 1100 3548 1266 3614; x_wconf 80' lang='lat' dir='ltr'><strong>pertatem</strong></span> <span class='ocrx_word' id='word_1_216' title='bbox 1289 3540 1439 3612; x_wconf 83' lang='lat' dir='ltr'><strong>Angliam.</strong></span> 
     </span>
    </p>

    <p class='ocr_par' dir='ltr' id='par_1_8' title="bbox 431 3627 1482 3775">
     <span class='ocr_line' id='line_1_31' title="bbox 477 3627 1482 3701; baseline 0.002 -20"><span class='ocrx_word' id='word_1_217' title='bbox 477 3627 541 3682; x_wconf 90' lang='lat' dir='ltr'><strong>Hoc</strong></span> <span class='ocrx_word' id='word_1_218' title='bbox 563 3645 641 3683; x_wconf 84' lang='lat' dir='ltr'><strong>anno</strong></span> <span class='ocrx_word' id='word_1_219' title='bbox 664 3628 793 3700; x_wconf 88' lang='lat' dir='ltr'><strong>primam</strong></span> <span class='ocrx_word' id='word_1_220' title='bbox 815 3635 959 3686; x_wconf 81' lang='lat' dir='ltr'><strong>venerunt</strong></span> <span class='ocrx_word' id='word_1_221' title='bbox 990 3631 1094 3687; x_wconf 80' lang='lat' dir='ltr'><strong>fratres</strong></span> <span class='ocrx_word' id='word_1_222' title='bbox 1116 3631 1246 3688; x_wconf 85' lang='lat' dir='ltr'><strong>Minores</strong></span> <span class='ocrx_word' id='word_1_223' title='bbox 1277 3631 1308 3686; x_wconf 92' lang='lat' dir='ltr'><strong>in</strong></span> <span class='ocrx_word' id='word_1_224' title='bbox 1332 3629 1482 3701; x_wconf 85' lang='lat' dir='ltr'><strong>Angliam‚</strong></span> 
     </span>
     <span class='ocr_line' id='line_1_32' title="bbox 431 3714 962 3775; baseline 0.011 -6"><span class='ocrx_word' id='word_1_225' title='bbox 431 3714 552 3771; x_wconf 90' lang='lat' dir='ltr'><strong>biennio</strong></span> <span class='ocrx_word' id='word_1_226' title='bbox 574 3721 642 3772; x_wconf 90' lang='lat' dir='ltr'><strong>ante</strong></span> <span class='ocrx_word' id='word_1_227' title='bbox 666 3718 779 3773; x_wconf 90' lang='lat' dir='ltr'><strong>obitum</strong></span> <span class='ocrx_word' id='word_1_228' title='bbox 804 3718 962 3775; x_wconf 79' lang='lat' dir='ltr'><strong>Francisci.</strong></span> 
     </span>
    </p>

    <p class='ocr_par' dir='ltr' id='par_1_9' title="bbox 431 3804 1486 4239">
     <span class='ocr_line' id='line_1_33' title="bbox 477 3804 1484 3881; baseline 0.002 -21"><span class='ocrx_word' id='word_1_229' title='bbox 477 3804 636 3876; x_wconf 83' lang='lat' dir='ltr'><strong>Gregorius</strong></span> <span class='ocrx_word' id='word_1_230' title='bbox 667 3806 704 3862; x_wconf 90' lang='lat' dir='ltr'><strong>ix.</strong></span> <span class='ocrx_word' id='word_1_231' title='bbox 727 3813 795 3879; x_wconf 88' lang='lat' dir='ltr'><strong>post</strong></span> <span class='ocrx_word' id='word_1_232' title='bbox 816 3809 983 3864; x_wconf 88' lang='lat' dir='ltr'><strong>Honorinm</strong></span> <span class='ocrx_word' id='word_1_233' title='bbox 1005 3809 1082 3864; x_wconf 89' lang='lat' dir='ltr'><strong>sedit</strong></span> <span class='ocrx_word' id='word_1_234' title='bbox 1104 3827 1180 3881; x_wconf 89' lang='lat' dir='ltr'><strong>papa</strong></span> <span class='ocrx_word' id='word_1_235' title='bbox 1201 3810 1287 3864; x_wconf 84' lang='lat' dir='ltr'><strong>annis</strong></span> <span class='ocrx_word' id='word_1_236' title='bbox 1310 3806 1384 3880; x_wconf 85' lang='lat' dir='ltr'><strong>xiiij.</strong></span> <span class='ocrx_word' id='word_1_237' title='bbox 1426 3808 1484 3863; x_wconf 88' lang='lat' dir='ltr'><strong>Hic</strong></span> 
     </span>
     <span class='ocr_line' id='line_1_34' title="bbox 431 3893 1484 3954; baseline 0.003 -5"><span class='ocrx_word' id='word_1_238' title='bbox 431 3893 579 3950; x_wconf 84' lang='lat' dir='ltr'><strong>roboravit</strong></span> <span class='ocrx_word' id='word_1_239' title='bbox 613 3897 789 3952; x_wconf 86' lang='lat' dir='ltr'><strong>sententiam</strong></span> <span class='ocrx_word' id='word_1_240' title='bbox 823 3896 1131 3954; x_wconf 77' lang='lat' dir='ltr'><strong>excommunicationis</strong></span> <span class='ocrx_word' id='word_1_241' title='bbox 1164 3903 1265 3954; x_wconf 76' lang='lat' dir='ltr'><strong>matra</strong></span> <span class='ocrx_word' id='word_1_242' title='bbox 1296 3897 1484 3954; x_wconf 66' lang='lat' dir='ltr'><strong>medericum</strong></span> 
     </span>
     <span class='ocr_line' id='line_1_35' title="bbox 432 3983 1484 4059; baseline 0.003 -21"><span class='ocrx_word' id='word_1_243' title='bbox 432 3983 647 4056; x_wconf 86' lang='lat' dir='ltr'><strong>imperatorem,</strong></span> <span class='ocrx_word' id='word_1_244' title='bbox 672 3984 777 4042; x_wconf 88' lang='lat' dir='ltr'><strong>iccirco</strong></span> <span class='ocrx_word' id='word_1_245' title='bbox 800 3986 958 4059; x_wconf 88' lang='lat' dir='ltr'><strong>imperator</strong></span> <span class='ocrx_word' id='word_1_246' title='bbox 980 3986 1199 4058; x_wconf 80' lang='lat' dir='ltr'><strong>comprehendit</strong></span> <span class='ocrx_word' id='word_1_247' title='bbox 1220 3988 1329 4044; x_wconf 86' lang='lat' dir='ltr'><strong>multos</strong></span> <span class='ocrx_word' id='word_1_248' title='bbox 1347 3987 1484 4058; x_wconf 68' lang='lat' dir='ltr'><strong>praelatos</strong></span> 
     </span>
     <span class='ocr_line' id='line_1_36' title="bbox 432 4065 1486 4147; baseline 0.003 -20"><span class='ocrx_word' id='word_1_249' title='bbox 432 4077 462 4128; x_wconf 90' lang='lat' dir='ltr'><strong>et</strong></span> <span class='ocrx_word' id='word_1_250' title='bbox 500 4073 573 4128; x_wconf 88' lang='lat' dir='ltr'><strong>duos</strong></span> <span class='ocrx_word' id='word_1_251' title='bbox 607 4075 768 4130; x_wconf 89' lang='lat' dir='ltr'><strong>cardinales</strong></span> <span class='ocrx_word' id='word_1_252' title='bbox 800 4076 851 4147; x_wconf 89' lang='lat' dir='ltr'><strong>qui</strong></span> <span class='ocrx_word' id='word_1_253' title='bbox 885 4077 924 4132; x_wconf 93' lang='lat' dir='ltr'><strong>ad</strong></span> <span class='ocrx_word' id='word_1_254' title='bbox 957 4077 1115 4132; x_wconf 84' lang='lat' dir='ltr'><strong>concilium</strong></span> <span class='ocrx_word' id='word_1_255' title='bbox 1149 4065 1381 4134; x_wconf 74' lang='lat' dir='ltr'><strong>contenderant.⁸</strong></span> <span class='ocrx_word' id='word_1_256' title='bbox 1425 4075 1486 4130; x_wconf 86' lang='lat' dir='ltr'><strong>Hic</strong></span> 
     </span>
     <span class='ocr_line' id='line_1_37' title="bbox 432 4163 1484 4239; baseline 0.002 -21"><span class='ocrx_word' id='word_1_257' title='bbox 432 4179 509 4234; x_wconf 85' lang='lat' dir='ltr'><strong>papa</strong></span> <span class='ocrx_word' id='word_1_258' title='bbox 544 4163 617 4219; x_wconf 83' lang='lat' dir='ltr'><strong>fecit</strong></span> <span class='ocrx_word' id='word_1_259' title='bbox 632 4165 754 4220; x_wconf 69' lang='lat' dir='ltr'><strong>tranem</strong></span> <span class='ocrx_word' id='word_1_260' title='bbox 786 4165 996 4239; x_wconf 83' lang='lat' dir='ltr'><strong>Raymundam</strong></span> <span class='ocrx_word' id='word_1_261' title='bbox 1027 4165 1185 4237; x_wconf 88' lang='lat' dir='ltr'><strong>compilare</strong></span> <span class='ocrx_word' id='word_1_262' title='bbox 1205 4183 1235 4221; x_wconf 82' lang='lat' dir='ltr'><strong>r.</strong></span> <span class='ocrx_word' id='word_1_263' title='bbox 1269 4166 1357 4222; x_wconf 76' lang='lat' dir='ltr'><strong>libros</strong></span> <span class='ocrx_word' id='word_1_264' title='bbox 1381 4165 1484 4220; x_wconf 83' lang='lat' dir='ltr'><strong>Decre-</strong></span> 
     </span>
    </p>
   </div>
   <div class='ocr_carea' id='block_1_5' title="bbox 463 4427 1487 4655">
    <p class='ocr_par' dir='ltr' id='par_1_10' title="bbox 463 4427 1487 4655">
     <span class='ocr_line' id='line_1_38' title="bbox 465 4427 1281 4500; baseline 0.01 -23"><span class='ocrx_word' id='word_1_265' title='bbox 465 4427 473 4460; x_wconf 93' lang='lat'>¹</span> <span class='ocrx_word' id='word_1_266' title='bbox 494 4427 636 4494; x_wconf 79' lang='lat' dir='ltr'><strong>Clartelcy,</strong></span> <span class='ocrx_word' id='word_1_267' title='bbox 648 4429 725 4496; x_wconf 86' lang='lat' dir='ltr'><strong>Higd.</strong></span> <span class='ocrx_word' id='word_1_268' title='bbox 1016 4431 1026 4463; x_wconf 78' lang='lat'>⁸</span> <span class='ocrx_word' id='word_1_269' title='bbox 1043 4434 1071 4483; x_wconf 82' lang='lat' dir='ltr'><strong>ia</strong></span> <span class='ocrx_word' id='word_1_270' title='bbox 1082 4450 1191 4493; x_wconf 75' lang='lat' dir='ltr'><strong>ararem,</strong></span> <span class='ocrx_word' id='word_1_271' title='bbox 1202 4434 1281 4500; x_wconf 84' lang='lat' dir='ltr'><strong>Higd.</strong></span> 
     </span>
     <span class='ocr_line' id='line_1_39' title="bbox 463 4504 1487 4576; baseline 0.01 -22"><span class='ocrx_word' id='word_1_272' title='bbox 463 4504 740 4574; x_wconf 63' lang='lat' dir='ltr'><strong>&#39;Declacrmffligd</strong></span> <span class='ocrx_word' id='word_1_273' title='bbox 1016 4509 1156 4574; x_wconf 59' lang='lat' dir='ltr'><strong>&#39;quinam</strong></span> <span class='ocrx_word' id='word_1_274' title='bbox 1192 4513 1311 4563; x_wconf 78' lang='lat' dir='ltr'><strong>decimum</strong></span> <span class='ocrx_word' id='word_1_275' title='bbox 1345 4514 1487 4576; x_wconf 78' lang='lat' dir='ltr'><strong>denariam,</strong></span> 
     </span>
     <span class='ocr_line' id='line_1_40' title="bbox 463 4581 1064 4655; baseline 0.012 -24"><span class='ocrx_word' id='word_1_276' title='bbox 463 4583 474 4616; x_wconf 82' lang='lat'>⁸</span> <span class='ocrx_word' id='word_1_277' title='bbox 491 4581 550 4633; x_wconf 83' lang='lat' dir='ltr'><strong>Hoc</strong></span> <span class='ocrx_word' id='word_1_278' title='bbox 562 4587 635 4634; x_wconf 81' lang='lat' dir='ltr'><strong>etiam</strong></span> <span class='ocrx_word' id='word_1_279' title='bbox 647 4603 715 4637; x_wconf 82' lang='lat' dir='ltr'><strong>cano</strong></span> <span class='ocrx_word' id='word_1_280' title='bbox 727 4588 808 4640; x_wconf 85' lang='lat' dir='ltr'><strong>added</strong></span> <span class='ocrx_word' id='word_1_281' title='bbox 818 4589 843 4640; x_wconf 88' lang='lat' dir='ltr'><strong>in</strong></span> <span class='ocrx_word' id='word_1_282' title='bbox 853 4587 934 4654; x_wconf 72' lang='lat' dir='ltr'><strong>siga.</strong></span> <span class='ocrx_word' id='word_1_283' title='bbox 984 4588 1064 4655; x_wconf 85' lang='lat' dir='ltr'><strong>Higd.</strong></span> 
     </span>
    </p>
   </div>
   <div class='ocr_carea' id='block_1_6' title="bbox 464 4659 1299 4755">
    <p class='ocr_par' dir='ltr' id='par_1_11' title="bbox 464 4659 1299 4755">
     <span class='ocr_line' id='line_1_41' title="bbox 464 4659 1299 4755; baseline 0.018 -47"><span class='ocrx_word' id='word_1_284' title='bbox 464 4661 474 4692; x_wconf 89' lang='lat'><strong>⁴</strong></span> <span class='ocrx_word' id='word_1_285' title='bbox 492 4659 540 4726; x_wconf 83' lang='lat' dir='ltr'><strong>Ia]</strong></span> <span class='ocrx_word' id='word_1_286' title='bbox 560 4677 609 4714; x_wconf 87' lang='lat' dir='ltr'><strong>em.</strong></span> <span class='ocrx_word' id='word_1_287' title='bbox 622 4662 699 4730; x_wconf 79' lang='lat' dir='ltr'><strong>lligd.</strong></span> <span class='ocrx_word' id='word_1_288' title='bbox 959 4704 962 4755; x_wconf 47' lang='grc' dir='ltr'><strong>ἰ</strong></span> <span class='ocrx_word' id='word_1_289' title='bbox 1016 4668 1027 4700; x_wconf 80' lang='lat'>⁸</span> <span class='ocrx_word' id='word_1_290' title='bbox 1044 4670 1209 4735; x_wconf 75' lang='lat' dir='ltr'><strong>tetenderant,</strong></span> <span class='ocrx_word' id='word_1_291' title='bbox 1221 4672 1299 4739; x_wconf 86' lang='lat' dir='ltr'><strong>Higd.</strong></span> 
     </span>
    </p>
   </div>
   <div class='ocr_carea' id='block_1_7' title="bbox 463 4737 964 4809">
    <p class='ocr_par' dir='ltr' id='par_1_12' title="bbox 463 4737 964 4809">
     <span class='ocr_line' id='line_1_42' title="bbox 463 4737 964 4809; baseline 0.01 -21"><span class='ocrx_word' id='word_1_292' title='bbox 463 4737 474 4770; x_wconf 80' lang='lat'>⁸</span> <span class='ocrx_word' id='word_1_293' title='bbox 491 4740 589 4803; x_wconf 80' lang='lat' dir='ltr'><strong>visique</strong></span> <span class='ocrx_word' id='word_1_294' title='bbox 599 4748 667 4803; x_wconf 81' lang='lat' dir='ltr'><strong>aunt,</strong></span> <span class='ocrx_word' id='word_1_295' title='bbox 678 4743 757 4809; x_wconf 82' lang='lat' dir='ltr'><strong>Higd.</strong></span> <span class='ocrx_word' id='word_1_296' title='bbox 959 4758 964 4793; x_wconf 86' lang='grc' dir='ltr'>ι</span> 
     </span>
    </p>
   </div>
   <div class='ocr_carea' id='block_1_8' title="bbox 0 0 1825 5780">
    <p class='ocr_par' dir='ltr' id='par_1_13' title="bbox 0 0 1825 5780">
     <span class='ocr_line' id='line_1_43' title="bbox 0 0 1825 5780; baseline 0 0"><span class='ocrx_word' id='word_1_297' title='bbox 0 0 1825 5780; x_wconf 95' lang='lat' dir='ltr'><strong> </strong></span> 
     </span>
    </p>
   </div>
  </div>
 </body>
</html>
