3625 5784
604 879 876 930 surosammsrs
898 879 1111 930 ouaouioou.
1324 867 1387 930 101

338 1077 527 1134 satisfaciens.
564 1077 626 1134 Nee
663 1079 752 1134 etiam
792 1096 929 1151 pompam
960 1078 1198 1134 Normannorum
1236 1077 1391 1135 omittebat

338 1159 431 1238 quin1
454 1167 580 1240 stipatus
601 1166 746 1224 militibus
769 1167 940 1224 inuaderet·
971 1167 1086 1223 Cotidie
1108 1157 1169 1224 udl
1191 1167 1309 1224 missam
1333 1169 1390 1224 sol-

337 1275 409 1313 vens
445 1257 570 1313 addebat
603 1258 784 1330 psalterium,
822 1258 1000 1314 famosorum
1035 1261 1201 1315 sanetorum
1235 1258 1390 1314 memorias

338 1345 485 1418 septiforis
534 1345 642 1402 divisas
678 1365 730 1420 per
779 1352 891 1420 septem
930 1347 1059 1402 solvebat
1095 1347 1189 1402 horas.
1249 1346 1390 1416 Quotiens

338 1435 507 1508 Wygernire
538 1435 596 1492 fuit
626 1435 767 1507 majorem
789 1436 909 1492 missam
943 1435 1110 1502 celebravit,
1133 1453 1151 1490 a
1181 1453 1239 1509 quo
1271 1437 1388 1508 quidem

336 1524 429 1581 officio
466 1531 501 1580 ut
538 1525 613 1581 dixit
650 1544 704 1598 pro
734 1527 903 1598 episoopatu
934 1525 1109 1596 resignando
1140 1526 1236 1581 noluit
1267 1525 1387 1582 absolvi.

337 1614 494 1671 Collationi
527 1616 736 1672 monachorum
769 1616 914 1683 interfuit,
937 1620 972 1670 ut
1002 1615 1044 1670 sie
1078 1615 1155 1670 faeta
1176 1632 1243 1670 oum
1275 1614 1389 1672 ooeteus

336 1703 466 1775 generali
488 1705 675 1776 professione,
698 1705 823 1778 dataque
837 1705 1039 1761 benedictione
1062 1705 1094 1760 in
1116 1703 1278 1760 triclinium
1302 1722 1387 1761 suum

336 1811 367 1848 ae
398 1793 547 1866 reciperet.
594 1795 678 1868 Equo
699 1799 802 1850 vectus
831 1793 1003 1867 psalterium
1036 1793 1247 1866 frequentabat.
1295 1795 1387 1850 Bene·

336 1873 517 1939 dictionem³
539 1901 627 1956 quam
649 1883 743 1955 Angli
765 1901 852 1956 super
874 1889 976 1956 potum
992 1883 1105 1939 iaciunt
1119 1883 1209 1939 etiam
1232 1881 1264 1938 in
1287 1902 1388 1940 mensa

336 1971 414 2044 regis
435 1991 495 2028 non
518 1973 626 2030 omisit.
674 1973 706 2030 Si
729 1974 846 2045 quando
876 1973 912 2029 ad
945 1962 1109 2045 plaoitum⁴
1131 1991 1197 2029 eum
1229 1973 1387 2030 necessitas

336 2062 459 2134 urgebat
490 2063 625 2118 omnibus
646 2063 732 2118 malis
764 2061 882 2119 arbitris
904 2062 1139 2118 maledictionem
1172 2062 1385 2135 inpreoabatur,

335 2150 420 2208 bonis
434 2169 505 2207 rero
519 2151 760 2208 benedictionem.
797 2153 1004 2208 Indifferenter
1021 2151 1173 2207 vilioribus
1189 2143 1387 2208 induebatur⁵

336 2240 470 2313 pellibus,
493 2241 589 2313 magis
611 2247 710 2298 autem
732 2242 849 2314 agninis
872 2259 960 2314 quam
983 2241 1083 2298 ositeri
1114 2243 1229 2312 generis
1251 2241 1385 2314 pellibus.

336 2330 369 2387 si
403 2331 520 2402 quaudo
556 2331 585 2388 ei
622 2337 795 2403 suggeretur
830 2338 866 2386 ut
904 2329 1010 2387 eatinis
1047 2330 1171 2403 pellibus
1206 2330 1385 2398 amioiretur,

332 2419 432 2491 jooosa
446 2419 583 2477 comitate
597 2420 800 2493 respondebat,
818 2422 837 2446 “
851 2419 943 2477 Grede
958 2419 1043 2488 mihi,
1059 2438 1209 2494 nunquam
1231 2420 1332 2476 audivi
1356 2421 1387 2476 in

337 2510 356 2535 “
377 2509 499 2566 ewlesia
516 2499 589 2577 dei,⁰
610 2515 693 2567 eatus
715 2509 774 2577 dei,
797 2509 849 2566 sed
870 2527 965 2582 agnus
987 2510 1045 2578 dei,
1069 2511 1180 2566 Iooiroo
1202 2510 1269 2566 volo
1292 2510 1387 2582 magis

337 2600 357 2625 “
380 2617 457 2671 agno
478 2599 604 2656 oalafleri
619 2618 708 2673 quam
722 2600 816 2656 eat0.”
862 2599 941 2655 Dum
956 2599 1046 2656 semel
1060 2599 1198 2655 monaehi
1218 2598 1264 2654 sui
1278 2600 1386 2671 migra-

336 2695 400 2744 rant
423 2689 461 2744 ad
482 2687 623 2760 majorem
645 2690 797 2746 ecelesiam
813 2706 901 2762 quam
916 2688 979 2762 ipse
1002 2678 1228 2754 oenatruxerat,²
1250 2689 1386 2744 lam-imas

336 2777 432 2845 indit3
456 2796 544 2851 super
573 2797 631 2851 quo
652 2779 782 2836 modeste
812 2778 987 2850 redargutus
1019 2777 1096 2850 quod
1130 2778 1228 2850 potius
1260 2777 1387 2848 gaudere

336 2869 463 2934 deberet,
501 2868 580 2940 quod
618 2886 648 2924 se
685 2867 842 2940 superstite
878 2873 979 2923 tentus
1015 2867 1109 2923 honor
1160 2865 1288 2922 eeclesiae
1326 2885 1386 2922 suat

274 2959 277 2962 ’
337 2958 513 3022 aooessisset,
556 2958 634 3030 quod
683 2959 773 3014 etiam
810 2956 1016 3029 multiplieatis
1065 2955 1215 3012 monacbis
1262 2954 1387 3011 aedificia

336 3051 531 3119 augerentur:
561 3047 723 3120 respondit,
747 3049 768 3074 ‘⁸
779 3048 843 3119 Ego
866 3047 953 3117 longe
986 3045 1072 3101 aliter
1095 3045 1200 3109 sentio,
1224 3045 1301 3116 quod
1332 3063 1386 3100 nos

338 3138 356 3161 “
381 3135 481 3192 miseri
504 3154 592 3209 opera
613 3141 781 3193 sauotorum
804 3135 982 3192 destruimus
1003 3139 1039 3190 ut
1061 3134 1144 3191 nobis
1167 3135 1283 3190 laudem
1307 3152 1386 3190 oom-

337 3227 356 3252 “
381 3243 523 3297 paremus
568 3226 637 3283 Non
652 3230 772 3282 noverat
794 3225 847 3282 illa
862 3229 934 3282 astas
956 3225 1122 3298 pompatice
1145 3228 1320 3290 construere,
1337 3223 1387 3280 sed

337 3315 355 3340 ·‘
381 3316 435 3370 sub
457 3315 653 3388 qualicunque
675 3320 754 3372 teoto
776 3314 908 3388 seipsos
933 3314 986 3370 deo
1009 3315 1161 3370 immolare
1184 3313 1387 3386 subjeotosque

336 3407 356 3429 ⁸⁸
381 3421 448 3460 anos
463 3405 501 3460 ud
515 3405 680 3477 exemplum
695 3405 861 3460 attrahere:
885 3423 939 3460 nos
962 3409 1061 3460 autem
1083 3409 1202 3460 eeontra
1216 3404 1330 3459 utimur
1352 3409 1387 3458 ut

337 3494 355 3519 ‘⁶
380 3493 544 3549 animarum
559 3495 742 3566 negligentes
757 3495 940 3550 cumulemus
956 3493 1096 3566 lapides.”
1136 3493 1195 3549 Hie
1210 3492 1280 3549 dum
1297 3493 1386 3548 semel

335 3601 497 3639 sermonem
534 3584 571 3639 de
608 3601 679 3656 paee
709 3583 748 3639 sd
780 3584 922 3656 populum
956 3584 1064 3638 faeeret
1094 3581 1182 3638 multi
1215 3583 1254 3638 ad
1285 3599 1387 3654 paoem

335 3671 492 3729 redierunt
538 3673 623 3730 Unus
638 3678 737 3730 autem
761 3691 861 3729 eorum
883 3673 968 3728 nullo
990 3688 1077 3728 suasu
1092 3691 1146 3728 neo
1169 3673 1258 3728 etiam
1280 3677 1386 3743 rogatu

335 3761 510 3818 oonoordare
531 3763 633 3820 voluit
676 3761 732 3818 Oui
766 3762 799 3817 in
833 3761 961 3817 medium
994 3761 1120 3817 adducto
1151 3761 1193 3817 ait
1225 3759 1386 3833 episeopus,

159 3868 249 3931 Tm,
261 3867 310 3918 001.
336 3853 355 3876 “
377 3851 520 3925 seriptum
542 3857 596 3918 est,
620 3851 704 3916 Beati
727 3851 852 3924 pacifici,
876 3851 969 3923 igitur
998 3869 1057 3906 nou
1080 3850 1195 3923 psellioi
1227 3855 1297 3906 sunt
1332 3849 1386 3904 filii

159 3935 239 3985 ²⁸⁶⁸·
336 3943 355 3966 ‘⁴
380 3941 489 3998 diaboli
511 3945 541 3997 et
562 3940 669 3998 miseri.
714 3941 765 3996 Illi
788 3940 881 4012 igitur
895 3939 980 4012 eujus
995 3957 1026 3996 es
1048 3945 1077 3996 te
1102 3939 1271 3996 commendo
1294 3938 1387 3994 donee

336 4031 356 4056 ⁴¹
380 4021 560 4103 maipisoas.''
592 4031 631 4087 Et
646 4030 747 4086 statim
765 4030 826 4097 ille,
843 4029 1023 4102 mancipium
1038 4029 1131 4086 hostis
1146 4030 1277 4094 effeetus,
1296 4027 1387 4101 eoepit

334 4119 470 4176 dentibus
492 4119 625 4187 stridere,
642 4138 760 4192 spumas
781 4122 886 4185 faeere,
911 4125 999 4192 eaput
1021 4124 1124 4174 rotare.
1168 4119 1224 4188 Qui
1247 4123 1346 4174 tamen
1369 4137 1387 4171 a

335 4301 652 4308 -—-——----
676 4303 737 4308 -—
1019 4301 1024 4306 .
1043 4297 1166 4306 ————
1175 4297 1282 4304 —-—--
1290 4297 1326 4302 --4
1335 4296 1383 4302 -..-

368 4415 375 4447 ¹
395 4413 475 4479 quia]
491 4413 544 4479 psi,
556 4411 634 4478 lligd.
921 4410 931 4442 ⁶
948 4410 1061 4470 cantari,
1072 4409 1129 4459 add
1142 4407 1222 4472 lligd.

367 4493 439 4553 ἀεὶ,
451 4508 503 4542 om.
515 4489 595 4556 lligd.
922 4489 974 4539 iel
991 4489 1089 4539 videret
1108 4487 1241 4551 antiquum
1260 4483 1390 4536 sociatum

367 4567 768 4637 'Benedictiomqaualligd
887 4569 987 4618 destrui
1009 4582 1082 4631 quom
1110 4565 1222 4616 Sanctus
1253 4563 1390 4618 oswaldus

368 4653 379 4685 ⁴
394 4649 584 4716 protundum,
596 4649 674 4716 lligd
883 4645 1058 4710 fundaverat,
1068 4645 1126 4694 edd.
1138 4642 1216 4710 Higd.

368 4725 614 4793 ³rateboturdligd.
