3625 5784
601 881 871 934 1111111111111
893 882 1102 935 onnomoou.
1265 907 1278 916 -
1327 871 1390 935 191

337 1071 501 1152 Walliam
517 1079 552 1139 et
567 1095 639 1140 eam
656 1076 750 1159 quasi
773 1075 856 1161 pro¹
879 1075 986 1140 nihilo
1008 1075 1211 1162 subjugavit,
1235 1074 1389 1161 cepitque

336 1172 528 1262 homagium
568 1174 709 1241 Lewlini
747 1176 905 1264 principis
952 1197 1074 1255 eorum,
1113 1181 1148 1243 et
1186 1175 1390 1262 quibusdam

337 1277 479 1362 acceptis
525 1277 695 1343 obsidibus
740 1278 781 1343 de
830 1279 941 1364 pueris
986 1283 1219 1365 magnatorum
1264 1277 1388 1343 ibidem

335 1401 486 1445 reversus
518 1384 577 1444 est.
622 1378 744 1446 Ann02
769 1402 847 1448 vero
870 1381 1021 1466 sequenti
1045 1381 1212 1446 Lewlinus
1234 1380 1387 1466 princeps
1401 1375 1534 1428 Revouor

335 1480 465 1547 wallia
488 1481 617 1547 resiluit
639 1505 660 1548 a
682 1482 748 1547 fide
770 1503 838 1560 sua,
861 1483 1031 1567 iratusque
1045 1483 1215 1547 Johannes
1229 1482 1387 1546 continuo
1400 1442 1548 1572 {milli

292 1578 297 1588 '
334 1583 492 1669 suspendi
529 1583 608 1649 fecit
646 1604 758 1649 omnes
791 1605 910 1670 pueros
943 1584 1074 1650 obsides
1106 1583 1197 1670 apud
1229 1584 1387 1669 Notyng·
1399 1573 1432 1623 111
1443 1575 1548 1638 punim-

334 1684 480 1752 hamiam
496 1689 530 1750 et
553 1685 674 1750 iterum
689 1685 876 1751 Lewlinum
900 1707 969 1750 suae
991 1684 1210 1750 dominationi
1233 1685 1382 1770 subjecit.
1398 1649 1476 1701 ment.

164 1794 311 1858 'l’wyaeol
381 1784 622 1873 Temporibus³
654 1787 751 1853 istius
785 1789 870 1874 regis
903 1788 1067 1853 Johannis
1101 1789 1297 1873 inceperunt
1319 1788 1518 1856 (1111111111-

164 1865 242 1912 2421.

335 1891 414 1956 novi
460 1890 591 1955 ordines
637 1890 892 1955 Praedicatorum
939 1891 1065 1956 scilieet
1110 1890 1167 1954 et⁴
1212 1890 1386 1955 Minorum.
1401 1871 1551 1988 ῗζξξζιξῗο

336 1991 495 2057 Ordinem
533 2013 612 2057 vero
650 1992 790 2056 fratrum
814 1993 1067 2077 praedicatorum
1104 1993 1229 2078 incepit
1267 1992 1386 2058 beatus
1400 2002 1474 2067 gious

336 2095 530 2160 Dominicus
553 2096 588 2158 in
611 2095 762 2180 partibus
786 2095 980 2160 Th010sauis
995 2095 1053 2160 ubi
1077 2101 1192 2160 eontra
1215 2094 1387 2163 haereticos
1401 2071 1495 2120 orces.

336 2195 536 2281 praedicabat
581 2198 681 2261 verbo
725 2201 759 2260 et
804 2196 966 2282 exemplo.
1012 2197 1162 2282 Cumque
1215 2198 1390 2263 mansisset

336 2299 459 2364 ibidem
482 2299 594 2364 decem
618 2299 715 2363 annis
749 2298 960 2384 praedicando
982 2304 1017 2362 et
1046 2298 1230 2386 colligendo
1253 2299 1388 2364 Fratres

336 2401 507 2487 usquead
532 2405 662 2486 tempus
693 2421 758 2485 quo
801 2400 1022 2466 Lateranense
1057 2401 1234 2466 concilium
1268 2401 1388 2466 debuit

336 2502 502 2580 celebrari,
525 2523 600 2568 cum
624 2501 767 2566 Fulcone
791 2501 975 2566 Tholosano
999 2501 1149 2587 episcopo
1172 2501 1311 2567 Romam
1344 2503 1386 2567 ad
1434 2510 1443 2522 ‘

336 2603 509 2669 concilium
542 2603 695 2690 generale
734 2602 829 2681 adiit,
868 2603 1033 2688 petiitque
1067 2624 1088 2666 a
1124 2603 1259 2668 domino
1297 2624 1384 2689 papa

336 2703 529 2769 Innocentio
564 2703 610 2789 iij.
645 2703 733 2789 quod
767 2702 846 2768 ordo
885 2701 1143 2767 Praedicatorum
1165 2703 1329 2768 diceretur
1351 2693 1435 2770 etsi·
1448 2692 1502 2779 P?

334 2810 445 2892 posset
483 2806 675 2873 confirmari.
739 2804 805 2885 Qui
840 2825 915 2870 cum
939 2804 1184 2891 aliquantulum
1217 2804 1383 2871 difficilem
1398 2774 1545 2888 gildoba

334 2907 471 2974 adhaec
500 2908 689 2974 faciendum
719 2929 754 2972 se
785 2905 966 2984 exhiberet,
1002 2911 1098 2973 noeto
1123 2907 1266 2992 quadam
1296 2908 1384 2972 idem
1398 2891 1530 2955 merope.

334 3031 421 3096 papa
465 3010 553 3076 vidit
590 3011 626 3074 in
663 3010 809 3094 sompnis
854 3009 944 3094 quod
981 3009 1212 3073 lateranensis
1249 3010 1387 3074 ecclesia

333 3133 469 3198 gravem
492 3112 603 3176 subito
626 3112 757 3176 ruinam
781 3111 975 3177 minaretur.
1020 3109 1117 3189 Quod
1140 3132 1214 3176 cum
1238 3115 1384 3176 tremens

321 3213 494 3300 aspiceret
531 3236 573 3278 ex
604 3214 744 3280 adverso
777 3213 831 3277 vir
868 3211 923 3277 dei
957 3211 1152 3277 Dominicus
1185 3213 1386 3290 accurrebat,

333 3318 544 3403 humerisque
575 3317 755 3403 suppositis
790 3319 896 3381 totam
928 3314 1021 3380 illam
1052 3336 1202 3381 casuram
1225 3305 1557 3424 1111111111νΤίξίῗῃῙ]’1)1)1“1

334 3419 564 3500 sustentabat;
586 3418 749 3506 evigilans
781 3422 894 3483 autem
927 3424 962 3482 et
995 3417 1156 3482 visionem
1186 3418 1384 3505 intelligens,

334 3523 528 3609 petitionem
559 3522 624 3587 viri
662 3521 716 3586 dei
753 3520 904 3585 hilariter
938 3521 1139 3605 acceptabat,
1177 3519 1313 3586 hortans
1345 3530 1385 3586 ut

333 3626 451 3692 fratres
476 3626 528 3690 sui
554 3623 701 3711 regulam
725 3622 870 3708 aliquam
894 3622 1112 3709 approbatam
1136 3622 1200 3687 sibi
1224 3623 1385 3710 eligerent

333 3734 367 3792 11
413 3729 456 3794 ad
502 3728 611 3814 ipsum
656 3725 786 3791 rediens
832 3724 1115 3790 confirmationem
1161 3725 1204 3790 ad
1249 3726 1383 3791 libitum
1396 3725 1528 3804 nepeti-

334 3837 522 3918 reportaret.
570 3830 749 3917 Regressus
772 3827 900 3916 igitur⁶
915 3827 1057 3893 verbum
1080 3829 1202 3893 summi
1217 3831 1385 3915 pontificis
1397 3799 1513 3924 {liniis

332 3933 492 4001 iratribus
526 3933 692 4020 patefecit.
739 3931 846 3998 Erant
869 3931 975 4017 igitur
996 3931 1118 3997 fratres
1145 3938 1227 3998 tunc
1249 3933 1382 3999 circiter

333 4037 412 4123 xvij.
459 4037 516 4123 qui
562 4035 715 4101 invocato
770 4031 899 4120 Spiritu
938 4038 1053 4100 sancto
1097 4033 1246 4120 regulam
1291 4035 1382 4101 beati

332 4140 513 4228 Augustini
536 4139 679 4206 doctoris
702 4141 736 4203 11
758 4134 984 4222 praedicatoris
1006 4136 1131 4224 egregii
1162 4137 1226 4222 ipsi
1260 4137 1386 4222 pariter

367 4421 439 4486 ι[1111
457 4418 552 4486 nihilo]
566 4419 634 4472 from
653 4419 687 4470 A.
720 4419 753 4470 In
774 4417 833 4470 MS.
918 4416 1062 4468 ³Hereon
1077 4414 1140 4466 both
1151 4410 1263 4480 margins
1282 4412 1388 4474 irQaa

333 4498 403 4550 there
423 4499 445 4551 11
465 4514 498 4550 no
514 4507 584 4550 traca
602 4497 704 4565 cipro,
723 4495 758 4547 all
778 4495 835 4546 that
884 4494 955 4546 modo
967 4494 1068 4544 ordiner
1076 4492 1267 4559 predicatorum
1278 4497 1303 4542 et
1313 4495 1389 4543 mino·

331 4580 530 4648 appenninae.
884 4575 1106 4638 maniaceperunt.

364 4661 376 4694 ²
392 4661 461 4712 Hera
473 4675 507 4712 on
517 4657 581 4711 both
598 4655 710 4725 margins
730 4655 752 4707 is
767 4655 835 4716 Quo·
919 4653 931 4686 ⁴
947 4653 984 4718 et]
998 4653 1064 4704 from
1074 4653 1128 4713 Aa
1145 4667 1195 4703 om.
1207 4650 1266 4704 ΜΒ.

332 4739 403 4791 modo
424 4738 517 4791 devicit
546 4737 688 4790 Wallenaea
710 4741 734 4786 et
762 4731 835 4783 Ltu-
920 4731 1331 4799 ιι’91”1111]1’1111111.;11111118.

290 4865 297 4880 ,
332 4817 416 4869 linum.
