3625 5784
421 873 487 936 112
779 885 927 935 amaror
950 883 1134 935 nurunrorr

250 1089 404 1140 Nonam
426 1072 643 1159 Wyntoniam
681 1092 780 1158 super
813 1072 923 1137 radam
960 1069 1170 1137 caballarium
1202 1071 1386 1158 impositus.
1434 1071 1477 1137 ln

250 1157 392 1288 {ssffffil‘
424 1177 519 1263 eujus
534 1175 706 1263 sepultura
720 1174 829 1239 luetua
845 1174 974 1239 defuit.¹
1013 1171 1159 1239 Omnes*
1173 1174 1333 1261 gaudium
1347 1175 1389 1240 de
1405 1175 1475 1260 ejus

249 1289 336 1339 reatu
423 1283 530 1344 morte
559 1273 748 1364 arripiunt,³
772 1276 854 1343 adeo
892 1277 981 1362 quod
1018 1277 1078 1340 vix
1116 1281 1188 1342 erat
1218 1277 1381 1364 quispiam
1413 1276 1473 1363 qui

423 1380 591 1447 lacrimam
631 1379 787 1457 emiserit,
820 1379 878 1446 sed
905 1399 1017 1446 omnes
1052 1379 1092 1444 de
1116 1385 1221 1445 morte
1266 1379 1337 1466 ejus
1368 1379 1475 1447 laetati

419 1486 507 1548 sunt.

824 1977 935 2063 [one.
959 1976 1097 2060 vr11.]⁴

251 2184 389 2236 Bomos
418 2172 431 2210 ⁵
497 2169 528 2234 io
561 2168 666 2256 igitur
702 2167 767 2233 isto
802 2167 899 2231 modo
931 2165 1096 2230 Willelmo
1131 2170 1270 2242 mortuo,
1305 2165 1470 2232 Robertua

249 2250 406 2366 ffissffiffiln
518 2271 622 2337 frater
637 2271 709 2357 ejua
724 2270 760 2333 in
776 2269 985 2334 Normannia
1000 2271 1115 2332 eontra
1129 2267 1279 2333 inimicos
1295 2268 1358 2332 aibi
1375 2269 1473 2334 inles-

250 2398 301 2459 ψ
312 2392 338 2433 ιι
349 2383 400 2434 thir
422 2377 474 2436 tos
490 2374 527 2437 in
541 2393 661 2460 guerra
682 2393 744 2437 aua
757 2377 936 2456 occupatus
960 2370 1061 2434 estin
1076 2369 1189 2434 eodem
1202 2375 1357 2456 ternpore.
1406 2371 1474 2434 Iste

249 2460 319 2500 ‘¹⁰¹⁰‘
422 2473 588 2540 Robertus
610 2495 739 2558 semper
770 2473 964 2548 contrarius,
987 2475 1021 2535 et
1053 2471 1134 2536 adeo
1156 2471 1354 2535 innaturalis
1389 2474 1474 2536 exti-

250 2597 372 2662 Henryir
421 2581 510 2640 terat
532 2575 711 2641 baronibus
734 2575 827 2660 regni
860 2574 1000 2658 Angliae‚
1023 2573 1111 2657 quod
1135 2571 1281 2658 plenario
1313 2594 1472 2639 eormensu

249 2663 345 2778 ἓως
420 2684 454 2741 et
478 2678 614 2743 oonsilio
647 2677 753 2742 totius
785 2675 1032 2740 communitatis
1065 2674 1158 2759 regui
1181 2674 1410 2759 imposuerunt
1442 2675 1472 2738 ei

249 2745 373 2863 illiba}-
420 2779 691 2866 illegitimitatem
714 2777 801 2864 quod
825 2799 892 2842 non
915 2776 1025 2840 fuerat
1048 2777 1237 2860 procreatus
1261 2777 1301 2841 de
1325 2776 1473 2862 legitimo

249 2861 351 2980 Qu..
420 2881 515 2946 thoro
554 2881 713 2946 Willelmi
746 2877 989 2964 conquestoria,
1030 2877 1117 2942 unde
1153 2879 1302 2942 unanimi
1338 2899 1471 2944 aasensu

419 3004 477 3048 auo
500 2983 609 3070 ipsum
632 2981 873 3057 refutaverunt,
897 2986 932 3044 et
955 3001 1014 3064 pro
1037 2999 1113 3066 rege
1135 2980 1270 3044 omnino
1305 3001 1475 3048 recusave-

419 3091 507 3163 runt,
531 3091 565 3150 et
588 3081 796 3151 Henrioum⁰
818 3083 956 3146 fratrem
979 3082 1015 3145 in
1038 3103 1147 3167 regem
1171 3089 1356 3148 erexerunt

249 3201 345 3252 Robert
463 3187 628 3252 Robertus
649 3192 761 3251 autem
785 3181 946 3248 audians⁷
969 3182 1009 3248 de
1039 3183 1250 3248 coronatione
1274 3184 1386 3251 fratris
1420 3185 1472 3250 aui

248 3270 337 3383 ffis‘
354 3282 407 3318 '¹¹
413 3290 558 3375 junioris
596 3290 777 3376 impetuose
816 3287 912 3351 venit
950 3285 985 3348 in
1023 3285 1179 3372 Angliam
1212 3308 1288 3352 cum
1326 3287 1474 3352 exercitu

248 3401 360 3451 brother.
419 3413 547 3478 magno,
585 3413 737 3476 quaereus
786 3389 910 3454 bellum
948 3394 1064 3452 eontra
1101 3387 1237 3454 fratrem
1287 3411 1382 3454 auum
1393 3415 1402 3470 ;
1440 3395 1474 3454 et

248 3491 562 3558 Tlebuoluclanrans
577 3515 724 3579 regnum,
772 3491 937 3556 Henricus
960 3511 1038 3554 vero
1061 3511 1136 3555 cunr
1153 3489 1267 3555 favore
1291 3497 1325 3556 et
1347 3491 1473 3556 auxilio

248 3567 354 3689 affin
417 3595 580 3660 baronum
614 3616 748 3660 suorum
787 3593 932 3656 viriliter
966 3591 1146 3656 resistebat.
1205 3591 1339 3678 Ingruit
1370 3594 1473 3680 igitur

417 3695 566 3761 ballum⁸
588 3696 678 3782 apud
702 3693 918 3766 Linoolniam‚
936 3692 994 3758 ubi
1011 3692 1189 3778 praedictua
1213 3692 1377 3759 Robertus
1401 3695 1470 3762 vic-

417 3805 546 3866 tuaest
569 3806 603 3865 et
626 3799 789 3864 contritus
823 3819 899 3862 eum
923 3801 994 3860 toto
1018 3795 1165 3860 exercitu
1199 3816 1266 3876 suo,
1291 3817 1468 3884 omnesque

416 3903 610 3989 alienigenae
642 3901 766 3966 mortui
798 3907 832 3964 et
871 3899 1003 3984 penitus
1042 3897 1142 3962 deleti
1175 3903 1260 3963 aunt
1308 3899 1472 3966 Robertus

425 4073 464 4082 ..-

450 4155 643 4221 rdfflugffls,
1003 4147 1092 4198 ‘’Inet
1115 4149 1190 4199 letter
1217 4149 1246 4200 of
1267 4149 1406 4214 Hearr'nea,
1430 4153 1472 4203 tha

450 4265 460 4296 ·.·
479 4263 575 4323 om,
586 4263 645 4314 MS·
969 4227 1074 4277 urirer’a
1086 4225 1213 4278 Christian
1225 4243 1308 4281 name.

578 4368 583 4379 Ι
1004 4305 1072 4358 ⁵On
1101 4307 1163 4356 both
1190 4308 1309 4374 margins,
1338 4309 1472 4360 Henricur

450 4369 460 4400 ³
477 4368 602 4433 arripuit,
621 4365 677 4418 MS.
710 4365 852 4416 '1¹1¹‘th
871 4365 921 4414 ¹³⁸⁸
967 4387 1065 4450 primus
1077 4391 1222 4436 coronatur.

417 4445 570 4498 ῦθῑῐθθῧθῦὓ
581 4459 624 4495 ⁸³0
634 4443 701 4494 Μ
713 4445 747 4494 Α·
1003 4463 1013 4500 ⁷
1031 4463 1146 4527 audiena,
1158 4463 1255 4516 written
1271 4469 1352 4519 above
1369 4470 1411 4519 aba
1422 4468 1473 4519 liue

450 4553 460 4581 ⁴
477 4551 588 4613 (baptor
596 4549 657 4610 only
665 4546 772 4596 marked
780 4544 807 4594 in
816 4545 875 4594 MS.
884 4545 921 4608 by
970 4545 996 4595 in
1010 4548 1042 4597 Α.

417 4623 860 4692 thalargercharaeterforthellrat
872 4625 920 4674 law
1003 4625 1074 4676 ⁸On
1085 4625 1147 4676 both
1158 4627 1278 4696 margins,
1290 4627 1390 4680 Bellum
1401 4632 1474 4698 apud

418 4709 508 4757 worda.
541 4706 573 4756 In
591 4705 634 4764 Α..
646 4704 671 4754 in
689 4720 705 4754 a
724 4703 790 4753 later
809 4703 920 4766 band,ia
972 4699 1133 4754 Lineoluiam
1146 4705 1356 4759 interllobertaar
1368 4711 1476 4760 etHea·

420 4785 487 4848 Cap.
501 4789 523 4832 8.
970 4787 1056 4836 riorum.
