3625 5784
350 936 354 943 ·
427 908 492 971 324
786 919 934 968 uererer
957 918 1142 969 uersuros

259 1125 403 1190 uepublie
426 1124 574 1190 personae
622 1103 792 1179 decimam,
830 1102 1154 1187 quintamdecimam,
1195 1099 1385 1187 vicesimam
1419 1120 1479 1167 nec

259 1192 366 1243 without

260 1260 304 1309 the
312 1259 350 1309 1³0

351 1259 406 1324 peu
427 1226 669 1323 quamcumque
713 1202 813 1270 aliem
857 1203 1138 1268 contributionem
1175 1202 1299 1287 absque
1346 1202 1479 1287 speciali

258 1334 373 1377 consent.
427 1308 562 1373 hcentia
584 1328 605 1371 a
626 1306 719 1372 curia
748 1304 957 1370 Romanuin
980 1303 1041 1369 hac
1063 1308 1158 1390 parte
1192 1324 1361 1383 eoncessa3
1391 1303 1479 1368 simi-

427 1408 505 1475 liter
533 1408 627 1473 nulla
658 1428 735 1493 pars
769 1405 925 1471 secularis
957 1404 1090 1490 majoris
1124 1404 1177 1470 vel
1200 1404 1338 1470 minoris
1372 1404 1480 1471 condi-

427 1512 528 1576 tionis
550 1515 682 1596 csperet
697 1510 759 1574 sub
774 1508 880 1574 colore
894 1507 1127 1593 cujuscumque
1142 1528 1248 1573 causae
1273 1506 1312 1572 de
1336 1508 1481 1593 personis

428 1612 654 1678 ecclesiasticis
685 1611 794 1696 majus
815 1610 870 1674 vel
894 1610 1004 1675 minus
1026 1608 1151 1695 absque
1183 1608 1315 1695 speciali
1347 1609 1482 1675 lieentia

427 1734 449 1781 a
479 1714 571 1780 curia
602 1714 708 1800 petita
731 1718 765 1777 et
799 1718 946 1798 optenta,
969 1717 1004 1777 et
1034 1712 1096 1777 hoc
1129 1711 1192 1775 sub
1223 1734 1323 1797 poena
1355 1733 1481 1776 excom-

429 1816 663 1881 municationis
693 1814 827 1901 majoris
862 1814 940 1880 inde
972 1814 1049 1879 latae
1081 1818 1116 1879 et
1147 1815 1219 1900 ipso
1252 1813 1342 1878 facto
1376 1814 1481 1879 incur·

429 1916 541 1982 rendae
556 1921 591 1981 et
613 1916 746 2002 capiens
761 1921 796 1980 et
817 1916 978 1991 tribuens,
994 1920 1028 1979 et
1051 1902 1112 1981 hoc
1135 1915 1257 1999 absque
1275 1914 1482 1980 absolutione

431 2024 553 2103 praeter
573 2018 611 2081 in
633 2017 749 2081 mortis
771 2017 913 2083 articulo
935 2016 1020 2081 citra
1042 2017 1168 2081 curiam
1191 2017 1374 2081 Romanam
1408 2038 1482 2081 con·

430 2118 607 2205 sequenda.
653 2118 815 2183 Similiter
835 2140 878 2183 ne
901 2118 976 2203 quis
999 2118 1150 2203 pervim
1177 2124 1237 2183 aut
1264 2118 1483 2183 extorsionem

261 2230 412 2295 Nerieany
430 2226 563 2309 caperet
596 2219 754 2307 quicquid
789 2220 977 2307 depositum
1009 2220 1045 2283 in
1080 2220 1215 2285 eeclesia
1249 2219 1391 2285 ubilibet
1421 2220 1484 2285 sub

262 2296 363 2361 depoeit
374 2297 402 2345 in

262 2379 278 2413 a
289 2364 385 2413 church

431 2322 545 2388 eadem
567 2308 696 2408 poena¹
722 2320 847 2386 Eodem
869 2327 1017 2407 tempore
1040 2342 1116 2386 eum
1138 2319 1285 2385 audisset
1307 2342 1395 2407 papa
1417 2342 1485 2386 non

261 2430 417 2481 tobeuken
431 2424 538 2490 solum
560 2423 755 2511 Anglicanae
777 2423 836 2487 sed
859 2422 961 2487 etiam
985 2422 1180 2487 universalis
1215 2423 1309 2507 quasi
1341 2422 1484 2488 ecolesiae

261 2510 341 2561 away.

429 2527 624 2594 afflictiones
656 2526 766 2590 varias
806 2529 841 2591 et
873 2524 1100 2611 oppressiones
1134 2524 1256 2589 multas
1290 2525 1383 2610 quasi
1426 2546 1485 2611 per

429 2629 540 2696 omnia
579 2628 695 2692 mundi
740 2625 865 2713 regua,l
903 2648 943 2693 eo
982 2626 1070 2711 quod
1115 2647 1208 2711 reges
1246 2632 1281 2691 et
1321 2627 1485 2714 principes

429 2732 622 2819 affligebant
656 2752 738 2806 eam,
772 2728 936 2816 cogitavit
968 2728 1109 2794 sollicite
1147 2750 1206 2815 per
1243 2750 1341 2814 quam
1375 2735 1485 2815 posset

429 2834 520 2899 viam
532 2832 667 2917 aliquod
682 2831 865 2896 remedium
880 2828 1044 2895 adhibere.
1084 2830 1183 2895 Unde
1198 2830 1333 2896 consilio
1345 2829 1484 2895 fratrum

428 2935 700 3001 constitutionem
734 2932 955 3017 subscriptam
987 2930 1030 2995 ad
1062 2930 1233 2997 universas
1267 2932 1383 2996 mundi
1413 2953 1485 3018 pro·

428 3036 555 3103 vincias
593 3034 756 3100 bullatam
793 3034 887 3098 misit
924 3034 1094 3119 perpetuis
1136 3032 1341 3118 temporibus
1379 3034 1484 3099 obser-

428 3140 580 3205 vendam.

473 3239 517 3279 ²⁴⁶
530 3247 704 3304 Boncl'aciue
718 3252 772 3303 ato.
789 3236 849 3300 ad³
871 3250 1043 3318 perpetuam
1066 3246 1109 3301 rei
1131 3246 1304 3302 memoriam
1318 3270 1325 3314 3
1350 3252 1381 3303 et
1395 3247 1480 3303 infra.

338 3325 371 3373 ΡΘ
430 3340 450 3365 “
475 3336 596 3395 cerea
628 3337 718 3392 aias
751 3335 873 3390 infesta
898 3334 1005 3407 oppido
1035 3334 1127 3389 uaeas
1157 3336 1328 3407 antiquitas,
1352 3337 1430 3409 quod
1452 3342 1482 3393 aa

430 3429 450 3454 “
474 3426 667 3500 praesentium
707 3423 909 3496 experimenta
946 3428 1111 3495 temporum
1146 3424 1301 3481 manifeste
1334 3426 1484 3481 declarant

431 3518 451 3543 “
476 3516 547 3570 dem
570 3514 630 3569 suia
652 3514 759 3569 finibus
781 3530 841 3567 non
864 3513 996 3568 contenti
1018 3512 1158 3566 nituntur
1180 3512 1211 3568 iu
1234 3514 1360 3570 vetitum
1393 3520 1423 3571 et
1445 3514 1483 3571 ad

431 3608 451 3632 “
476 3604 583 3660 illicite
605 3620 658 3658 sua
680 3603 763 3657 frena
791 3602 934 3666 relaxant,
959 3618 1012 3656 noc
1035 3602 1193 3672 prudenter
1226 3604 1382 3659 attendunt
1412 3620 1482 3677 quo·

431 3696 451 3720 “
475 3684 583 3748 modo⁴
605 3692 645 3747 ait
667 3692 710 3747 eis
732 3690 764 3745 in
787 3691 909 3746 clericos
931 3689 1175 3747 ecclesiasticaave
1198 3710 1334 3763 personae
1356 3698 1386 3748 et
1408 3693 1484 3749 bona

431 3785 451 3810 ‘⁸
475 3780 632 3837 interdicte
675 3784 826 3852 potestae3
887 3770 1079 3851 quinimmo⁵
1124 3780 1310 3837 ecclesiarum
1355 3783 1484 3853 praelatis
1497 3784 1579 3847 Twye.
1594 3784 1645 3833 col.

431 3874 451 3899 ‘⁶
475 3868 733 3941 ecclesiasticisque
766 3868 897 3940 personia
919 3868 1102 3939 regularibus
1135 3874 1165 3925 et
1188 3870 1367 3926 secularibus
1389 3855 1572 3943 imm-²⁴⁹⁰·

431 3963 451 3988 ‘⁸
474 3966 551 4016 nunt
574 3976 662 4015 onera
691 3957 802 4029 grevia,
834 3957 913 4029 ipsos
939 3958 1057 4013 talliant
1088 3964 1119 4013 et
1149 3957 1191 4015 eis
1223 3949 1368 4016 collecta³
1390 3960 1484 4033 impo-

431 4052 451 4079 ‘'
476 4054 562 4118 nunt,
594 4054 625 4104 et
657 4048 694 4103 ab
724 4047 818 4119 ipsine
840 4036 983 4102 suorum⁷
1016 4052 1211 4118 proventuum
1242 4050 1290 4104 vel
1321 4038 1485 4105 bonorum⁸

432 4143 452 4168 “
476 4139 642 4204 dimidiam,
667 4135 810 4193 decimam
849 4154 901 4191 eeu
939 4134 1110 4193 vicesimam
1142 4136 1192 4193 vel
1232 4138 1367 4209 quamvis
1390 4138 1481 4195 aliam

465 4351 474 4384 ¹
491 4368 573 4417 repca
584 4350 605 4400 is
622 4350 667 4401 the
683 4350 749 4401 form
766 4350 797 4401 oi
811 4350 854 4401 the
865 4350 935 4400 word
1017 4349 1029 4382 ⁴
1045 4350 1178 4417 quomodo]
1197 4368 1281 4417 quam,
1293 4354 1325 4404 R.

431 4430 458 4480 in
470 4430 515 4489 A„
525 4428 609 4479 which
625 4428 683 4480 MS.
703 4428 750 4479 baa
767 4431 861 4480 turned
879 4428 934 4479 into
1018 4428 1028 4459 ⁸
1045 4430 1190 4496 quinimmo]
1212 4447 1262 4483 om.
1274 4434 1305 4483 R.

431 4524 553 4574 congrua.
1019 4506 1029 4539 ⁸
1046 4506 1173 4569 collectos,
1184 4510 1215 4560 R.

465 4584 476 4617 ²
493 4586 548 4635 The
570 4586 625 4635 bull
647 4584 669 4636 ia
688 4585 763 4651 given
785 4584 813 4635 iu
832 4588 936 4650 Rymer,
1019 4586 1154 4645 istrorum,
1168 4590 1215 4650 R.;
1233 4606 1333 4655 estoque,
1345 4591 1423 4644 MSS.

433 4664 450 4715 i.
462 4668 520 4723 886,
532 4662 577 4712 aab
589 4680 658 4714 anno
670 4668 741 4714 lass.
1020 4666 1032 4699 ⁸
1048 4666 1117 4716 Here
1128 4682 1162 4716 on
1173 4667 1216 4717 tho
1228 4668 1325 4735 margin
1337 4669 1368 4720 ol'
1371 4670 1405 4721 A.
1413 4670 1489 4722 alone

466 4740 477 4773 ³
494 4742 564 4791 Here
575 4756 609 4791 on
620 4742 682 4792 both
694 4740 805 4809 margins
816 4742 839 4794 is
851 4742 937 4810 Copia
987 4742 1009 4793 is
1021 4744 1103 4809 Copia
1115 4744 1189 4797 balle
1200 4746 1232 4797 de
1240 4746 1355 4801 libertate
1365 4748 1489 4802 Ecclesia

434 4819 509 4871 balle
517 4817 632 4885 papalis.
987 4822 1144 4889 Asylaoaoe.
