3625 5784
427 823 494 886 240
776 838 926 891 sanarer
950 840 1134 892 nmenror

257 1045 310 1097 me
323 1047 389 1124 king
472 1027 666 1108 Quomodo¹
690 1029 851 1116 poenituit
873 1053 935 1096 rex
957 1031 998 1096 de
1021 1029 1158 1096 arbitrio
1181 1027 1267 1116 regis
1291 1025 1449 1094 Franeiae.

257 1115 404 1230 {ffl'tgffi
473 1129 677 1198 ²Pub1ieatis
700 1135 837 1198 statutis
853 1139 887 1198 et
911 1133 1101 1199 executioni
1125 1131 1343 1209 demandatis,
1365 1129 1482 1216 displi-

257 1245 327 1296 these
340 1263 406 1297 mea·
427 1237 567 1297 suerunt
598 1233 706 1298 multa
739 1236 809 1320 regi
832 1240 866 1299 et
889 1235 1049 1321 prenituit
1079 1257 1154 1299 eum
1186 1235 1232 1299 sic
1258 1233 1398 1318 jurasse,
1422 1229 1480 1295 sed

250 1327 336 1384 Μ’·
428 1337 506 1424 quia
528 1338 679 1404 resistere
702 1361 769 1403 non
800 1339 911 1424 potuit
935 1361 976 1403 ex
1007 1339 1161 1424 abrupto,
1190 1335 1415 1402 dissimulavit
1437 1333 1480 1399 ad

427 1445 565 1526 tempus.
614 1439 763 1526 Cumque
787 1442 897 1527 elapso
928 1461 1016 1506 anno
1047 1462 1113 1504 non
1137 1439 1266 1504 videret
1287 1460 1321 1502 se
1344 1442 1383 1502 ut
1405 1457 1481 1522 pro·

427 1539 607 1606 miserant³
645 1565 665 1606 a
708 1542 829 1607 debitis
867 1541 1004 1606 relevari
1044 1540 1101 1606 sed
1133 1541 1238 1627 magis
1277 1538 1414 1615 onerari,
1444 1537 1480 1600 in

260 1645 413 1712 neapplies
428 1643 571 1708 multum
595 1642 771 1710 condoluit.
819 1643 863 1708 Et
878 1643 986 1708 missis
1001 1643 1044 1708 ad
1067 1664 1188 1730 papam
1211 1641 1349 1719 nunciis,
1372 1638 1481 1726 quoad

259 1715 340 1846 {303³
428 1753 668 1812 sacramentum
691 1747 879 1832 praestitum
901 1745 1120 1811 absolutionis
1151 1745 1347 1810 beneficium
1370 1763 1482 1809 conse·

429 1855 524 1915 cutus
547 1856 597 1914 est
620 1855 654 1914 et
676 1849 783 1934 quoad
808 1871 842 1914 se
866 1853 900 1914 et
923 1870 1000 1914 suos
1022 1870 1143 1914 omnes.
1177 1846 1333 1913 Absolvit
1355 1843 1482 1911 ctiam⁴

429 1972 515 2038 papa
558 1951 785 2016 indifferenter
822 1972 935 2015 omnes
980 1949 1023 2014 ab
1068 1950 1182 2015 codem
1217 1949 1407 2035 juramento
1443 1952 1483 2012 ut

264 2057 416 2136 Heobtftins
430 2054 527 2118 citius
560 2055 647 2118 inter
678 2075 711 2117 se
745 2053 781 2117 in
813 2053 947 2118 vinculo
979 2051 1068 2139 pacis
1100 2051 1246 2119 unirent.
1293 2049 1482 2136 Statimque

260 2127 409 2176 ²b³⁰¹¹¹¹¹⁰¹¹'
430 2156 635 2222 absolutione
651 2147 796 2242 optenta,
819 2156 962 2220 resilivit
984 2177 1043 2220 rex
1063 2176 1084 2219 a
1104 2154 1284 2242 promissis,
1306 2158 1341 2220 et
1363 2173 1482 2219 convo·

431 2267 505 2325 coto
550 2259 769 2346 parliamento
815 2279 875 2322 suo
914 2257 1061 2336 Oxoniee,
1112 2258 1329 2343 questionem
1375 2255 1483 2320 movit

431 2362 641 2449 magnatibus
675 2362 753 2440 suis,
785 2361 904 2439 dicens,
937 2383 971 2425 sc
1005 2365 1170 2446 quantum
1204 2361 1249 2425 ad
1279 2357 1483 2446 provisiones

431 2465 590 2531 tenendus
621 2463 737 2530 callide
769 2463 902 2549 quidem
925 2463 1099 2528 inductum
1132 2469 1166 2528 et
1198 2463 1378 2529 seductum.
1426 2462 1483 2526 In-

261 2568 380 2618 ¹¹⁰⁸¹¹1¹²·
431 2591 528 2656 super
563 2567 650 2654 quod
685 2567 729 2632 ad
752 2571 994 2632 sacramentum
1018 2567 1205 2654 praestitum
1228 2571 1262 2633 et
1285 2589 1345 2652 pro
1378 2588 1413 2646 sa
1447 2572 1482 2633 et

261 2649 411 2764 ffissssent
430 2672 497 2736 suis
533 2676 567 2736 et
600 2670 833 2734 universaliter
864 2669 1018 2734 omnibus
1040 2668 1256 2734 absolutionis
1287 2667 1484 2734 beneficium

260 2767 403 2818 ⁸²0¹f0ffi·
430 2773 626 2861 generaliter
648 2773 848 2858 impetrasse,
872 2771 961 2836 unde
979 2771 1079 2856 petiit
1101 2793 1135 2836 se
1153 2770 1197 2835 ad
1216 2770 1328 2837 omnia
1350 2769 1483 2837 restitui

432 2876 518 2942 sieut
533 2875 719 2960 antiquitus
736 2895 804 2939 esse
824 2873 1003 2938 consuevit
1049 2874 1162 2938 Atilii
1178 2874 1237 2960 qui
1251 2878 1482 2949 convenerant,

428 3001 535 3044 comes
568 2977 692 3044 scilicet
726 2975 978 3062 Leycestrensis,
1019 2975 1135 3041 Simon
1168 2976 1210 3042 de
1249 2975 1363 3042 Monte
1393 2975 1481 3053 forti,

429 3102 535 3146 comes
558 3080 598 3143 de
624 3078 838 3155 Gloueestria‚
864 3077 1034 3142 Gilbertus
1065 3078 1106 3143 de
1141 3077 1248 3155 Clare,
1281 3077 1482 3143 Humfridus

429 3183 469 3248 de
504 3183 617 3246 Boune
656 3180 799 3265 juvenis,
834 3200 941 3244 eomes
981 3179 1006 3243 F
1008 3178 1175 3257 erarensis
1207 3180 1346 3246 barones
1379 3180 1482 3246 etiam

429 3283 674 3371 quamplurimi,
697 3283 820 3348 scilieet
836 3282 988 3347 dominus
1011 3281 1181 3347 Johannes
1199 3282 1287 3348 filius
1309 3281 1482 3360 Jobannis,

430 3389 583 3452 dominus
606 3386 770 3451 Hemicus
794 3385 833 3449 de
858 3385 1048 3472 Hastinges,
1072 3387 1226 3450 dominus
1249 3385 1419 3452 Galfridus
1441 3384 1482 3451 de

430 3489 532 3575 Luey,
556 3487 724 3553 Johannes
755 3487 795 3550 de
819 3485 927 3571 Vescy
945 3487 1090 3571 juvenis,
1114 3488 1267 3553 dominus
1300 3486 1482 3553 Nieholaus

430 3593 470 3658 tle
505 3592 657 3678 Segrave,
691 3589 790 3675 Hugo
824 3587 854 3653 le
887 3589 1038 3674 Sponsor,
1071 3595 1106 3654 et
1140 3589 1307 3655 Robertus
1338 3590 1379 3654 de
1403 3588 1482 3654 Ves-

429 3699 562 3781 pounte,
586 3715 645 3778 pro
668 3715 701 3757 se
725 3691 888 3776 siquidem
912 3697 946 3757 et
968 3693 1036 3756 suis
1063 3692 1258 3778 sequacibus
1280 3692 1484 3757 unanimiter

430 3795 679 3883 responderunt,
718 3793 805 3878 quod
843 3794 1048 3879 provisiones
1084 3793 1129 3858 ad
1166 3815 1248 3880 quas
1292 3795 1483 3880 juramento

260 3909 412 3988 manontes
431 3898 559 3964 astricti
581 3896 717 3961 fuerant
739 3917 842 3980 usquo
869 3895 905 3958 in
928 3894 1028 3961 finem
1051 3896 1131 3962 vitra
1162 3903 1275 3962 tenere
1297 3896 1483 3974 voluerunt,

260 3977 470 4110 {Jsstssi'fflpffoffl
493 3999 581 4085 quod
603 4019 664 4085 pro
687 3998 833 4063 utilitate
856 3997 943 4084 regis
966 4004 1001 4062 et
1030 3999 1122 4086 regni
1145 3999 1363 4065 communiter
1385 3999 1484 4066 editae

260 4109 365 4162 vision.
431 4103 566 4170 fuerant
599 4107 635 4168 et
660 4101 869 4167 confirmata.
915 4099 1070 4185 Dumque
1093 4105 1173 4168 vota
1195 4123 1256 4168 sua
1285 4102 1332 4169 sie
1359 4107 1484 4168 mutas-

463 4408 471 4442 1
489 4406 550 4456 This
570 4411 696 4466 asennec,
708 4403 791 4454 which
804 4401 826 4453 is
845 4417 861 4452 a
878 4411 930 4452 sort
980 4405 1044 4465 MS„
1055 4405 1102 4455 bnt
1120 4405 1181 4456 with
1201 4421 1235 4457 no
1252 4407 1331 4460 break
1350 4407 1485 4462 totenes

429 4487 456 4538 of
466 4487 578 4550 heading
597 4487 637 4535 lor
651 4485 717 4536 what
736 4484 842 4544 follows,
854 4483 875 4532 is
893 4482 931 4531 in·
979 4485 1090 4549 chapter.

428 4570 520 4620 eluded
540 4569 567 4618 in
580 4569 622 4618 tte
641 4567 708 4631 body
720 4565 749 4616 ol
767 4566 808 4615 the
832 4570 885 4614 text
897 4565 931 4627 by
1014 4565 1203 4629 3ρνονπέεεναέ,
1221 4566 1294 4618 MSS.

428 4649 490 4700 both
501 4650 574 4700 MSS.
1016 4646 1026 4678 ⁴
1044 4648 1126 4706 eriam,
1139 4647 1187 4707 Λ.;
1206 4653 1239 4708 et,
1251 4647 1306 4698 MS.

461 4727 471 4762 ²
488 4727 542 4778 Tha
561 4727 582 4777 P
605 4725 628 4777 is
647 4726 706 4776 herc
726 4721 884 4774 illuminated
904 4722 932 4771 in
