3625 5784
417 867 482 930 104
775 876 922 927 ursam
946 875 1131 926 nrrroflron

415 1078 516 1134 moltis
538 1076 692 1132 miraculis
711 1073 920 1130 comitantibus
944 1073 1102 1130 Oadomum
1136 1072 1168 1128 in
1190 1072 1373 1130 Nor-marmio
1395 1075 1469 1131 slla·

415 1173 479 1222 tum
511 1171 564 1222 est
611 1166 682 1222 Orta
719 1169 765 1220 est
802 1163 943 1218 dissensio
980 1164 1060 1220 inter
1095 1179 1194 1234 regem
1225 1163 1406 1220 willelmum
1439 1171 1470 1221 et

415 1257 590 1312 Anselmum
612 1253 859 1327 archipraesulem,
883 1253 954 1325 quie
983 1271 1042 1308 non
1073 1251 1158 1308 licuit
1181 1253 1321 1310 Anselmo
1344 1255 1469 1326 syuodoe

414 1348 510 1402 lucere
531 1362 586 1400 nec
607 1363 698 1417 prava
718 1341 870 1414 corrigere.
917 1341 1085 1411 Quinetiam
1099 1360 1150 1398 rex
1181 1342 1369 1400 investituras
1391 1362 1468 1416 proe-

415 1437 542 1491 lotorum
568 1433 676 1505 exegit,
711 1434 852 1505 populum
886 1431 1005 1487 tributis
1039 1431 1137 1498 erasit,
1173 1431 1322 1504 potissime
1352 1432 1390 1490 ad
1420 1451 1467 1488 ex·

414 1543 519 1597 pensas
557 1524 634 1579 circa
671 1521 778 1577 turrim
816 1521 977 1576 londonie
1015 1527 1045 1576 et
1078 1520 1156 1576 circa
1193 1539 1330 1592 magnum
1368 1522 1466 1578 sulam

415 1612 754 1671 westmonasteriensem
778 1611 891 1666 familia
912 1609 991 1680 regis
1014 1627 1186 1682 quocunque
1207 1613 1351 1667 transibat
1373 1629 1467 1684 popu·

416 1703 479 1758 lum
502 1702 692 1775 opprimebat.
737 1700 787 1756 Ad
817 1700 881 1755 base
904 1701 1025 1754 accessit
1047 1700 1139 1755 fomes
1162 1699 1332 1771 cupiditatis
1356 1701 1465 1757 Bennl·

415 1793 500 1866 phus,
524 1791 668 1848 Willelmi
699 1789 788 1862 primi
814 1789 892 1860 regis
926 1789 1071 1860 quondam
1104 1789 1270 1861 capellanus
1293 1791 1344 1847 sed
1378 1790 1466 1862 hujus

414 1882 494 1953 regis
516 1881 624 1953 ubique
646 1885 816 1952 procurator
839 1879 968 1934 effectus.
1014 1879 1046 1932 Is
1076 1879 1101 1932 si
1124 1879 1242 1950 quaudo
1264 1879 1349 1951 regni
1373 1881 1464 1937 tribu-

414 1978 480 2028 tum
503 1971 601 2043 exegit
632 1969 753 2042 duplum
785 1968 929 2034 emunxit,
964 1967 1108 2040 expilator
1146 1967 1283 2034 divitum,
1314 1988 1466 2042 oppressor

415 2078 587 2133 pauperum,
610 2058 783 2116 confiscator
804 2057 1019 2114 bsereditetum.
1066 2057 1191 2114 Proinde
1214 2075 1264 2114 rex
1287 2059 1465 2116 cachinnans

415 2151 495 2206 huno
517 2149 612 2206 solum
635 2147 841 2221 pronunciarit
862 2165 924 2204 esse
955 2146 1104 2203 hominem
1127 2147 1179 2220 qui
1202 2147 1355 2218 ingenium
1379 2167 1464 2206 suum

415 2241 529 2311 agitare
550 2239 648 2303 sciret,
672 2237 709 2294 de
742 2236 853 2292 nullius
876 2235 943 2292 odio
973 2243 1097 2302 curaret,
1122 2237 1279 2294 dnmmodo
1311 2239 1462 2296 dominum

414 2347 502 2384 sunm
524 2328 723 2400 eomplsoeret.
769 2327 832 2396 Quo
855 2331 972 2382 auctore
996 2327 1070 2382 sacri
1100 2326 1223 2382 honores
1254 2328 1463 2394 vendebantur,

413 2419 465 2475 sed
487 2424 517 2474 et
539 2418 602 2490 ipse
623 2417 683 2473 cito
705 2415 891 2489 postmodnm
915 2415 1113 2488 episcopatum
1134 2416 1360 2474 Dunelmensem
1383 2419 1465 2474 millo

413 2506 496 2564 libris
518 2505 598 2564 ertit.
643 2507 727 2562 'l'unc
749 2505 835 2561 fluxis
858 2504 995 2570 crinium,
1026 2505 1111 2560 luxus
1135 2506 1270 2572 vestium,
1294 2511 1365 2564 tunc
1395 2526 1465 2564 usus

412 2599 576 2654 calceorum
600 2601 763 2662 uentorum,
796 2599 869 2650 tuno
908 2611 1040 2666 gressum
1076 2597 1220 2667 frangere,
1254 2595 1334 2652 nudo
1372 2598 1463 2654 lutere

412 2687 554 2742 incedere.
600 2686 662 2741 Ista
694 2691 816 2741 conatos
847 2689 892 2741 est
915 2685 1074 2740 Anselmus
1096 2684 1241 2756 corrigere
1273 2685 1324 2742 sed
1354 2688 1463 2744 suxilio

412 2777 662 2847 suffraganeorum
697 2773 865 2840 destitutus,
889 2773 1009 2846 Angliae
1032 2773 1178 2841 valefecit,
1202 2775 1252 2830 ssd
1275 2776 1408 2833 abeundo
1431 2777 1462 2833 in

412 2871 500 2939 portu
523 2864 636 2922 (iantire
660 2870 694 2919 nt
716 2864 816 2936 praedo
839 2863 974 2936 publicus
997 2863 1076 2934 regis
1103 2863 1187 2934 jussu
1210 2855 1392 2936 expoliatus¹
1418 2873 1463 2922 est

411 2955 548 3012 meoticis
570 2954 633 3026 ejus
656 2960 687 3010 et
716 2953 814 3026 bulgis
835 2953 971 3009 omnibus
1002 2951 1033 3007 in
1064 2953 1160 3009 medio
1182 2954 1343 3026 exquisitis.
1389 2957 1464 3013 Inde

411 3047 568 3102 Anselmns
598 3043 636 3099 od
666 3061 771 3116 papam
795 3042 946 3099 Urbanum
977 3042 1114 3098 accedens
1145 3044 1176 3098 in
1209 3061 1316 3116 magno
1340 3047 1464 3102 concilio
1514 3029 1517 3038 ¹

411 3134 490 3208 apud
524 3135 649 3190 Burrum
681 3133 713 3188 in
736 3131 846 3205 Apulia
879 3136 981 3188 contra
1015 3131 1183 3188 Graecorum
1218 3133 1385 3206 opinionem
1412 3137 1462 3208 qui

411 3225 515 3280 dicunt
545 3222 683 3295 spiritum
713 3209 871 3277 sanctum²
909 3221 1090 3277 solummodo
1128 3241 1145 3277 a
1182 3229 1265 3296 patre
1297 3227 1462 3296 procedere,

412 3313 576 3368 luculenter
597 3312 743 3367 disseruit.
789 3311 832 3366 llo
847 3316 978 3383 tempore
996 3311 1169 3383 liudulphus
1186 3311 1376 3371 cicestrensis
1398 3316 1461 3388 cpi-

412 3420 516 3474 scopus
537 3401 600 3472 regi
633 3418 701 3456 oum
734 3400 801 3454 aliie
823 3397 966 3472 episcopis
997 3419 1057 3456 non
1089 3401 1184 3458 cessit,
1232 3403 1290 3458 Sed
1313 3403 1343 3458 in
1366 3395 1462 3460 ferio³

411 3510 464 3564 pro
479 3491 619 3548 Anselmo
642 3489 762 3553 restitit,
778 3479 987 3545 non‘veritus
1010 3491 1152 3546 annulum
1176 3497 1207 3548 et
1228 3492 1364 3548 baculum
1387 3513 1460 3567 proe-

410 3581 513 3637 tendit.
560 3580 623 3635 Neo
653 3596 783 3650 unquam
817 3577 909 3634 animi
941 3577 1069 3650 rigorem
1108 3579 1236 3646 deflexit,
1275 3583 1366 3639 donec
1399 3584 1461 3638 An-

411 3670 518 3726 selmns
540 3686 592 3723 suo
614 3667 742 3724 discessu
772 3685 888 3722 causam
919 3686 1000 3724 susm
1023 3675 1182 3726 enervaret.
1228 3672 1289 3727 Iste
1315 3671 1404 3728 etiam
1427 3679 1461 3728 ut

409 3777 460 3815 rex
490 3757 644 3831 pecuniam
666 3775 685 3811 a
717 3757 882 3812 fornicariis
904 3757 1101 3814 sacerdotibus
1133 3759 1277 3832 acciperet
1310 3781 1370 3817 non
1392 3781 1459 3818 oon-

409 3847 511 3912 sensit,
535 3847 585 3903 sed
607 3863 660 3918 por
682 3851 775 3902 totam
799 3845 938 3902 diocesim
962 3865 1043 3902 suam
1067 3848 1168 3904 divina
1190 3849 1284 3906 officis
1306 3851 1458 3917 vacabant,

406 3936 512 4008 januas
542 3935 729 3992 ecclesiarum
763 3935 855 4008 spinis
878 3937 1031 3992 obstruxit.
1076 3939 1224 3994 Atrocites
1257 3941 1328 3996 fecti
1360 3959 1460 4014 regem

409 4025 533 4093 inflexit,
557 4025 600 4080 ita
621 4031 656 4080 ut
678 4025 706 4080 ei
728 4025 784 4080 soli
806 4043 926 4081 censum
950 4027 1184 4100 presbyterorum
1208 4047 1326 4084 snorum
1360 4030 1460 4088 indul-

407 4121 498 4186 geret.
544 4115 595 4170 Illi
618 4114 708 4170 etiam
730 4115 871 4186 alleganti
895 4116 974 4186 quod
996 4117 1119 4173 ccclesia
1140 4117 1283 4174 incendiis
1306 4120 1460 4193 absumpta

407 4224 467 4261 non
490 4203 610 4260 tributis
631 4204 755 4277 expilari
777 4204 828 4260 sed
849 4204 1047 4262 oblationibus
1070 4205 1188 4264 deberet
1218 4209 1372 4276 sublevari,
1397 4210 1459 4267 Rex

408 4295 469 4367 ipsa
481 4294 533 4368 qui
549 4283 626 4364 [ab]⁵
642 4292 777 4349 omnibus
791 4293 923 4361 abstulit,
939 4294 1069 4351 eoolesiss
1085 4295 1234 4370 Badulphi
1249 4298 1375 4370 plurimo
1389 4318 1458 4356 ron·

390 4385 478 4441 *tulit
500 4384 601 4440 libens.
648 4383 708 4440 Iste
740 4383 913 4456 Radulpbus
947 4395 1049 4441 contra
1071 4385 1273 4459 delinquentes
1296 4389 1332 4444 sb
1364 4390 1460 4446 inore·

438 4652 446 4685 ¹
465 4648 601 4716 mihim,
612 4648 692 4715 fligd·
991 4653 1001 4686 ⁴
1019 4652 1083 4720 noo]
1098 4653 1171 4717 citit,
1183 4653 1261 4723 Higd.

436 4728 646 4791 'mammem
658 4727 739 4794 Higd.
990 4730 1095 4784 ⁵From
1106 4733 1184 4802 Higd.

434 4807 446 4840 ⁸
454 4807 561 4874 sociem,
574 4805 653 4874 lligd.
