<?xml version="1.0" encoding="UTF-8"?>
<!DOCTYPE html PUBLIC "-//W3C//DTD XHTML 1.0 Transitional//EN"
    "http://www.w3.org/TR/xhtml1/DTD/xhtml1-transitional.dtd">
<html xmlns="http://www.w3.org/1999/xhtml" xml:lang="en" lang="en">
 <head>
  <title>
</title>
<meta http-equiv="Content-Type" content="text/html;charset=utf-8" />
  <meta name='ocr-system' content='tesseract 3.04.00' />
  <meta name='ocr-capabilities' content='ocr_page ocr_carea ocr_par ocr_line ocrx_word'/>
</head>
<body>
  <div class='ocr_page' id='page_1' title='image "./chroniconhenric00lumbgoog_0123.png"; bbox 0 0 3625 5784; ppageno 0'>
   <div class='ocr_carea' id='block_1_1' title="bbox 453 905 1154 968">
    <p class='ocr_par' dir='ltr' id='par_1_1' title="bbox 453 905 1154 968">
     <span class='ocr_line' id='line_1_1' title="bbox 453 905 1154 968; baseline -0.001 -1"><span class='ocrx_word' id='word_1_1' title='bbox 453 905 519 968; x_wconf 93' lang='lat'>100</span> <span class='ocrx_word' id='word_1_2' title='bbox 802 915 949 968; x_wconf 77' lang='lat' dir='ltr'>mmor</span> <span class='ocrx_word' id='word_1_3' title='bbox 972 915 1154 968; x_wconf 73' lang='lat' dir='ltr'>susurros</span> 
     </span>
    </p>
   </div>
   <div class='ocr_carea' id='block_1_2' title="bbox 449 1109 1803 4399">
    <p class='ocr_par' dir='ltr' id='par_1_2' title="bbox 453 1109 1503 1274">
     <span class='ocr_line' id='line_1_2' title="bbox 453 1109 1503 1184; baseline -0.002 -18"><span class='ocrx_word' id='word_1_4' title='bbox 453 1111 618 1166; x_wconf 70' lang='lat' dir='ltr'>mstitatem</span> <span class='ocrx_word' id='word_1_5' title='bbox 656 1111 841 1177; x_wconf 76' lang='lat' dir='ltr'>devoverent,</span> <span class='ocrx_word' id='word_1_6' title='bbox 880 1113 1011 1167; x_wconf 72' lang='lat' dir='ltr'>seculum</span> <span class='ocrx_word' id='word_1_7' title='bbox 1049 1111 1170 1184; x_wconf 89' lang='lat' dir='ltr'>reliquit</span> <span class='ocrx_word' id='word_1_8' title='bbox 1202 1115 1233 1166; x_wconf 92' lang='lat' dir='ltr'>et</span> <span class='ocrx_word' id='word_1_9' title='bbox 1265 1110 1296 1164; x_wconf 91' lang='lat' dir='ltr'>in</span> <span class='ocrx_word' id='word_1_10' title='bbox 1328 1109 1503 1164; x_wconf 80' lang='lat' dir='ltr'>monasterio</span> 
     </span>
     <span class='ocr_line' id='line_1_3' title="bbox 453 1197 1503 1274; baseline 0 -20"><span class='ocrx_word' id='word_1_11' title='bbox 453 1199 640 1272; x_wconf 72' lang='lat' dir='ltr'><strong>wigornensi</strong></span> <span class='ocrx_word' id='word_1_12' title='bbox 663 1219 720 1274; x_wconf 90' lang='lat' dir='ltr'>quc</span> <span class='ocrx_word' id='word_1_13' title='bbox 742 1206 825 1274; x_wconf 88' lang='lat' dir='ltr'>pater</span> <span class='ocrx_word' id='word_1_14' title='bbox 846 1218 915 1257; x_wconf 84' lang='lat' dir='ltr'>suns</span> <span class='ocrx_word' id='word_1_15' title='bbox 937 1202 1019 1272; x_wconf 88' lang='lat' dir='ltr'>prius</span> <span class='ocrx_word' id='word_1_16' title='bbox 1034 1200 1183 1266; x_wconf 72' lang='lat' dir='ltr'><strong>servierat,</strong></span> <span class='ocrx_word' id='word_1_17' title='bbox 1209 1197 1367 1254; x_wconf 85' lang='lat' dir='ltr'>monachus</span> <span class='ocrx_word' id='word_1_18' title='bbox 1381 1197 1503 1254; x_wconf 81' lang='lat' dir='ltr'>effectus</span> 
     </span>
    </p>

    <p class='ocr_par' dir='ltr' id='par_1_3' title="bbox 449 1287 1803 2344">
     <span class='ocr_line' id='line_1_4' title="bbox 451 1287 1501 1363; baseline -0.002 -19"><span class='ocrx_word' id='word_1_19' title='bbox 451 1294 506 1355; x_wconf 86' lang='lat' dir='ltr'>est,</span> <span class='ocrx_word' id='word_1_20' title='bbox 539 1289 591 1345; x_wconf 89' lang='lat' dir='ltr'>nbi</span> <span class='ocrx_word' id='word_1_21' title='bbox 622 1308 674 1362; x_wconf 89' lang='lat' dir='ltr'>per</span> <span class='ocrx_word' id='word_1_22' title='bbox 707 1291 805 1346; x_wconf 91' lang='lat' dir='ltr'>omnia</span> <span class='ocrx_word' id='word_1_23' title='bbox 838 1308 913 1363; x_wconf 85' lang='lat' dir='ltr'>pene</span> <span class='ocrx_word' id='word_1_24' title='bbox 944 1291 1001 1346; x_wconf 90' lang='lat' dir='ltr'>loci</span> <span class='ocrx_word' id='word_1_25' title='bbox 1033 1291 1126 1346; x_wconf 87' lang='lat' dir='ltr'>officia</span> <span class='ocrx_word' id='word_1_26' title='bbox 1156 1288 1292 1362; x_wconf 80' lang='lat' dir='ltr'>grsdiens</span> <span class='ocrx_word' id='word_1_27' title='bbox 1324 1287 1501 1354; x_wconf 74' lang='lat' dir='ltr'>conscendit,</span> 
     </span>
     <span class='ocr_line' id='line_1_5' title="bbox 449 1370 1503 1458; baseline -0.001 -25"><span class='ocrx_word' id='word_1_28' title='bbox 449 1377 582 1448; x_wconf 86' lang='lat' dir='ltr'>jejuniis,</span> <span class='ocrx_word' id='word_1_29' title='bbox 620 1379 743 1451; x_wconf 82' lang='lat' dir='ltr'>vigiliis,</span> <span class='ocrx_word' id='word_1_30' title='bbox 780 1386 811 1458; x_wconf 87' lang='lat' dir='ltr'>at</span> <span class='ocrx_word' id='word_1_31' title='bbox 848 1380 1027 1435; x_wconf 87' lang='lat' dir='ltr'>orationibus</span> <span class='ocrx_word' id='word_1_32' title='bbox 1064 1370 1213 1443; x_wconf 88' lang='lat' dir='ltr'>indulsit,1</span> <span class='ocrx_word' id='word_1_33' title='bbox 1251 1395 1338 1450; x_wconf 80' lang='lat' dir='ltr'>snper</span> <span class='ocrx_word' id='word_1_34' title='bbox 1384 1378 1503 1448; x_wconf 87' lang='lat' dir='ltr'>aliquod</span> 
     </span>
     <span class='ocr_line' id='line_1_6' title="bbox 452 1467 1503 1541; baseline -0.004 -17"><span class='ocrx_word' id='word_1_35' title='bbox 452 1485 603 1524; x_wconf 86' lang='lat' dir='ltr'>scamnum</span> <span class='ocrx_word' id='word_1_36' title='bbox 625 1469 755 1526; x_wconf 79' lang='lat' dir='ltr'>ecclesias</span> <span class='ocrx_word' id='word_1_37' title='bbox 773 1471 837 1526; x_wconf 90' lang='lat' dir='ltr'>loco</span> <span class='ocrx_word' id='word_1_38' title='bbox 860 1487 917 1540; x_wconf 88' lang='lat' dir='ltr'>quo</span> <span class='ocrx_word' id='word_1_39' title='bbox 940 1467 1041 1526; x_wconf 88' lang='lat' dir='ltr'>orabat</span> <span class='ocrx_word' id='word_1_40' title='bbox 1063 1469 1158 1541; x_wconf 89' lang='lat' dir='ltr'>capite</span> <span class='ocrx_word' id='word_1_41' title='bbox 1172 1467 1353 1540; x_wconf 86' lang='lat' dir='ltr'>superposito</span> <span class='ocrx_word' id='word_1_42' title='bbox 1376 1467 1503 1522; x_wconf 88' lang='lat' dir='ltr'>dormire</span> 
     </span>
     <span class='ocr_line' id='line_1_7' title="bbox 452 1556 1502 1630; baseline -0.002 -18"><span class='ocrx_word' id='word_1_43' title='bbox 452 1559 613 1625; x_wconf 86' lang='lat' dir='ltr'>consuevit,</span> <span class='ocrx_word' id='word_1_44' title='bbox 635 1559 686 1613; x_wconf 90' lang='lat' dir='ltr'>ubi</span> <span class='ocrx_word' id='word_1_45' title='bbox 708 1564 795 1615; x_wconf 89' lang='lat' dir='ltr'>nocte</span> <span class='ocrx_word' id='word_1_46' title='bbox 817 1558 942 1630; x_wconf 85' lang='lat' dir='ltr'>quadam</span> <span class='ocrx_word' id='word_1_47' title='bbox 966 1558 1037 1614; x_wconf 86' lang='lat' dir='ltr'>dum</span> <span class='ocrx_word' id='word_1_48' title='bbox 1059 1563 1127 1614; x_wconf 85' lang='lat' dir='ltr'>ante</span> <span class='ocrx_word' id='word_1_49' title='bbox 1150 1558 1242 1614; x_wconf 84' lang='lat' dir='ltr'>altare</span> <span class='ocrx_word' id='word_1_50' title='bbox 1265 1561 1370 1622; x_wconf 86' lang='lat' dir='ltr'>oraret,</span> <span class='ocrx_word' id='word_1_51' title='bbox 1387 1556 1502 1612; x_wconf 77' lang='lat' dir='ltr'>daemon</span> 
     </span>
     <span class='ocr_line' id='line_1_8' title="bbox 451 1647 1502 1720; baseline -0.002 -18"><span class='ocrx_word' id='word_1_52' title='bbox 451 1665 520 1702; x_wconf 86' lang='lat' dir='ltr'>eum</span> <span class='ocrx_word' id='word_1_53' title='bbox 550 1647 706 1703; x_wconf 73' lang='lat' dir='ltr'>visibiliter</span> <span class='ocrx_word' id='word_1_54' title='bbox 727 1649 766 1704; x_wconf 87' lang='lat' dir='ltr'>ad</span> <span class='ocrx_word' id='word_1_55' title='bbox 800 1649 910 1704; x_wconf 88' lang='lat' dir='ltr'>luctam</span> <span class='ocrx_word' id='word_1_56' title='bbox 940 1652 1087 1719; x_wconf 75' lang='lat' dir='ltr'>provocat,</span> <span class='ocrx_word' id='word_1_57' title='bbox 1120 1665 1207 1720; x_wconf 88' lang='lat' dir='ltr'>quem</span> <span class='ocrx_word' id='word_1_58' title='bbox 1239 1651 1284 1702; x_wconf 88' lang='lat' dir='ltr'>ter</span> <span class='ocrx_word' id='word_1_59' title='bbox 1317 1651 1502 1717; x_wconf 84' lang='lat' dir='ltr'>prosternens</span> 
     </span>
     <span class='ocr_line' id='line_1_9' title="bbox 452 1725 1501 1809; baseline -0.002 -18"><span class='ocrx_word' id='word_1_60' title='bbox 452 1725 561 1792; x_wconf 77' lang='lat' dir='ltr'>iliaca²</span> <span class='ocrx_word' id='word_1_61' title='bbox 583 1737 716 1808; x_wconf 86' lang='lat' dir='ltr'>passione</span> <span class='ocrx_word' id='word_1_62' title='bbox 743 1738 884 1808; x_wconf 78' lang='lat' dir='ltr'>fatigatus</span> <span class='ocrx_word' id='word_1_63' title='bbox 905 1743 956 1792; x_wconf 89' lang='lat' dir='ltr'>est.</span> <span class='ocrx_word' id='word_1_64' title='bbox 1004 1737 1150 1809; x_wconf 86' lang='lat' dir='ltr'>Apparuit</span> <span class='ocrx_word' id='word_1_65' title='bbox 1172 1741 1271 1792; x_wconf 87' lang='lat' dir='ltr'>antem</span> <span class='ocrx_word' id='word_1_66' title='bbox 1306 1735 1438 1790; x_wconf 87' lang='lat' dir='ltr'>diabolus</span> <span class='ocrx_word' id='word_1_67' title='bbox 1470 1734 1501 1789; x_wconf 89' lang='lat' dir='ltr'>in</span> 
     </span>
     <span class='ocr_line' id='line_1_10' title="bbox 452 1825 1803 1899; baseline -0.001 -20"><span class='ocrx_word' id='word_1_68' title='bbox 452 1825 546 1880; x_wconf 83' lang='lat' dir='ltr'>forma</span> <span class='ocrx_word' id='word_1_69' title='bbox 567 1825 720 1898; x_wconf 86' lang='lat' dir='ltr'>enjusdam</span> <span class='ocrx_word' id='word_1_70' title='bbox 742 1826 896 1882; x_wconf 76' lang='lat' dir='ltr'>servientis</span> <span class='ocrx_word' id='word_1_71' title='bbox 919 1827 955 1882; x_wconf 90' lang='lat' dir='ltr'>de</span> <span class='ocrx_word' id='word_1_72' title='bbox 978 1827 1067 1890; x_wconf 86' lang='lat' dir='ltr'>curia,</span> <span class='ocrx_word' id='word_1_73' title='bbox 1092 1844 1179 1898; x_wconf 90' lang='lat' dir='ltr'>quem</span> <span class='ocrx_word' id='word_1_74' title='bbox 1206 1825 1339 1899; x_wconf 85' lang='lat' dir='ltr'>quotiens</span> <span class='ocrx_word' id='word_1_75' title='bbox 1372 1829 1501 1896; x_wconf 89' lang='lat' dir='ltr'>postmo·</span> <span class='ocrx_word' id='word_1_76' title='bbox 1802 1881 1803 1884; x_wconf 60' lang='grc'>,</span> 
     </span>
     <span class='ocr_line' id='line_1_11' title="bbox 452 1887 1803 1987; baseline 0.003 -19"><span class='ocrx_word' id='word_1_77' title='bbox 452 1914 522 1968; x_wconf 88' lang='lat' dir='ltr'>dum</span> <span class='ocrx_word' id='word_1_78' title='bbox 546 1915 696 1970; x_wconf 73' lang='lat' dir='ltr'>Wlstanm</span> <span class='ocrx_word' id='word_1_79' title='bbox 726 1916 848 1983; x_wconf 84' lang='lat' dir='ltr'>videret,</span> <span class='ocrx_word' id='word_1_80' title='bbox 871 1919 952 1971; x_wconf 86' lang='lat' dir='ltr'>totns</span> <span class='ocrx_word' id='word_1_81' title='bbox 983 1915 1135 1987; x_wconf 87' lang='lat' dir='ltr'>expalluit,</span> <span class='ocrx_word' id='word_1_82' title='bbox 1170 1915 1208 1970; x_wconf 84' lang='lat' dir='ltr'>ad</span> <span class='ocrx_word' id='word_1_83' title='bbox 1243 1919 1362 1970; x_wconf 66' lang='lat' dir='ltr'>eaetmos</span> <span class='ocrx_word' id='word_1_84' title='bbox 1393 1913 1499 1986; x_wconf 88' lang='lat' dir='ltr'>imper·</span> <span class='ocrx_word' id='word_1_85' title='bbox 1801 1887 1803 1972; x_wconf 63' lang='lat' dir='ltr'>i</span> 
     </span>
     <span class='ocr_line' id='line_1_12' title="bbox 451 1992 1659 2077; baseline 0.002 -21"><span class='ocrx_word' id='word_1_86' title='bbox 451 2003 571 2058; x_wconf 84' lang='lat' dir='ltr'>territus</span> <span class='ocrx_word' id='word_1_87' title='bbox 593 2004 754 2060; x_wconf 86' lang='lat' dir='ltr'>affirmabat</span> <span class='ocrx_word' id='word_1_88' title='bbox 780 2006 886 2077; x_wconf 71' lang='lat' dir='ltr'>saepius</span> <span class='ocrx_word' id='word_1_89' title='bbox 914 2023 944 2062; x_wconf 85' lang='lat' dir='ltr'>se</span> <span class='ocrx_word' id='word_1_90' title='bbox 970 2005 1081 2061; x_wconf 86' lang='lat' dir='ltr'>nescire</span> <span class='ocrx_word' id='word_1_91' title='bbox 1106 2005 1177 2076; x_wconf 91' lang='lat' dir='ltr'>quid</span> <span class='ocrx_word' id='word_1_92' title='bbox 1201 2008 1275 2060; x_wconf 86' lang='lat' dir='ltr'>esset</span> <span class='ocrx_word' id='word_1_93' title='bbox 1298 2003 1395 2058; x_wconf 88' lang='lat' dir='ltr'>timor.</span> <span class='ocrx_word' id='word_1_94' title='bbox 1442 1992 1597 2058; x_wconf 60' lang='lat' dir='ltr'>Hic&#39;h&#39;tfl·</span> <span class='ocrx_word' id='word_1_95' title='bbox 1610 1993 1659 2044; x_wconf 79' lang='lat'>⁰⁰¹·</span> 
     </span>
     <span class='ocr_line' id='line_1_13' title="bbox 450 2063 1587 2166; baseline 0 -19"><span class='ocrx_word' id='word_1_96' title='bbox 450 2083 603 2164; x_wconf 68' lang='lat' dir='ltr'>namqne³</span> <span class='ocrx_word' id='word_1_97' title='bbox 627 2111 680 2165; x_wconf 90' lang='lat' dir='ltr'>pro</span> <span class='ocrx_word' id='word_1_98' title='bbox 713 2095 842 2150; x_wconf 79' lang='lat' dir='ltr'>fractura</span> <span class='ocrx_word' id='word_1_99' title='bbox 879 2093 1007 2164; x_wconf 78' lang='lat' dir='ltr'>cujusvis</span> <span class='ocrx_word' id='word_1_100' title='bbox 1040 2094 1138 2165; x_wconf 89' lang='lat' dir='ltr'>pontis</span> <span class='ocrx_word' id='word_1_101' title='bbox 1169 2110 1319 2166; x_wconf 87' lang='lat' dir='ltr'>nunquam</span> <span class='ocrx_word' id='word_1_102' title='bbox 1352 2091 1389 2148; x_wconf 89' lang='lat' dir='ltr'>de</span> <span class='ocrx_word' id='word_1_103' title='bbox 1425 2063 1587 2164; x_wconf 68' lang='lat' dir='ltr'>equo²³⁶⁷&#39;</span> 
     </span>
     <span class='ocr_line' id='line_1_14' title="bbox 451 2182 1500 2255; baseline 0 -19"><span class='ocrx_word' id='word_1_104' title='bbox 451 2183 611 2249; x_wconf 88' lang='lat' dir='ltr'>descendit,</span> <span class='ocrx_word' id='word_1_105' title='bbox 638 2183 710 2255; x_wconf 87' lang='lat' dir='ltr'>quin</span> <span class='ocrx_word' id='word_1_106' title='bbox 741 2184 831 2239; x_wconf 86' lang='lat' dir='ltr'>etiam</span> <span class='ocrx_word' id='word_1_107' title='bbox 866 2182 897 2238; x_wconf 91' lang='lat' dir='ltr'>in</span> <span class='ocrx_word' id='word_1_108' title='bbox 932 2184 1149 2239; x_wconf 67' lang='lat' dir='ltr'>summitatibus</span> <span class='ocrx_word' id='word_1_109' title='bbox 1183 2183 1358 2238; x_wconf 85' lang='lat' dir='ltr'>fabricarum</span> <span class='ocrx_word' id='word_1_110' title='bbox 1393 2199 1500 2253; x_wconf 76' lang='lat' dir='ltr'>angris-</span> 
     </span>
     <span class='ocr_line' id='line_1_15' title="bbox 451 2271 1501 2344; baseline -0.002 -17"><span class='ocrx_word' id='word_1_111' title='bbox 451 2276 549 2327; x_wconf 88' lang='lat' dir='ltr'>tarum</span> <span class='ocrx_word' id='word_1_112' title='bbox 571 2273 700 2328; x_wconf 86' lang='lat' dir='ltr'>securius</span> <span class='ocrx_word' id='word_1_113' title='bbox 722 2273 879 2330; x_wconf 86' lang='lat' dir='ltr'>incederet.</span> <span class='ocrx_word' id='word_1_114' title='bbox 927 2272 1038 2329; x_wconf 81' lang='lat' dir='ltr'>Deinde</span> <span class='ocrx_word' id='word_1_115' title='bbox 1059 2273 1189 2328; x_wconf 84' lang='lat' dir='ltr'>Aldredo</span> <span class='ocrx_word' id='word_1_116' title='bbox 1212 2277 1247 2327; x_wconf 91' lang='lat' dir='ltr'>nt</span> <span class='ocrx_word' id='word_1_117' title='bbox 1277 2271 1433 2344; x_wconf 81' lang='lat' dir='ltr'>praefatum</span> <span class='ocrx_word' id='word_1_118' title='bbox 1456 2277 1501 2326; x_wconf 90' lang='lat' dir='ltr'>est</span> 
     </span>
    </p>

    <p class='ocr_par' dir='ltr' id='par_1_4' title="bbox 449 2353 1500 2882">
     <span class='ocr_line' id='line_1_16' title="bbox 450 2353 1500 2434; baseline 0 -19"><span class='ocrx_word' id='word_1_119' title='bbox 450 2361 489 2416; x_wconf 91' lang='lat' dir='ltr'>ad</span> <span class='ocrx_word' id='word_1_120' title='bbox 526 2360 736 2418; x_wconf 75' lang='lat' dir='ltr'>Eboracensem</span> <span class='ocrx_word' id='word_1_121' title='bbox 774 2362 871 2418; x_wconf 84' lang='lat' dir='ltr'>sedem</span> <span class='ocrx_word' id='word_1_122' title='bbox 909 2363 1050 2418; x_wconf 85' lang='lat' dir='ltr'>translato</span> <span class='ocrx_word' id='word_1_123' title='bbox 1081 2353 1166 2434; x_wconf 78' lang='lat' dir='ltr'>ipse⁴</span> <span class='ocrx_word' id='word_1_124' title='bbox 1200 2361 1238 2418; x_wconf 89' lang='lat' dir='ltr'>ad</span> <span class='ocrx_word' id='word_1_125' title='bbox 1270 2361 1500 2432; x_wconf 80' lang='lat' dir='ltr'>Wygornensem</span> 
     </span>
     <span class='ocr_line' id='line_1_17' title="bbox 450 2449 1500 2523; baseline 0 -19"><span class='ocrx_word' id='word_1_126' title='bbox 450 2451 560 2506; x_wconf 86' lang='lat' dir='ltr'>electus</span> <span class='ocrx_word' id='word_1_127' title='bbox 581 2456 635 2516; x_wconf 89' lang='lat' dir='ltr'>est,</span> <span class='ocrx_word' id='word_1_128' title='bbox 668 2457 842 2523; x_wconf 77' lang='lat' dir='ltr'>procurante</span> <span class='ocrx_word' id='word_1_129' title='bbox 876 2451 908 2507; x_wconf 88' lang='lat' dir='ltr'>id</span> <span class='ocrx_word' id='word_1_130' title='bbox 939 2453 1089 2523; x_wconf 75' lang='lat' dir='ltr'>potissime</span> <span class='ocrx_word' id='word_1_131' title='bbox 1111 2451 1251 2518; x_wconf 79' lang='lat' dir='ltr'>Aldredc,</span> <span class='ocrx_word' id='word_1_132' title='bbox 1275 2449 1326 2522; x_wconf 88' lang='lat' dir='ltr'>qni</span> <span class='ocrx_word' id='word_1_133' title='bbox 1358 2451 1500 2522; x_wconf 90' lang='lat' dir='ltr'>simplici·</span> 
     </span>
     <span class='ocr_line' id='line_1_18' title="bbox 451 2539 1500 2614; baseline 0 -20"><span class='ocrx_word' id='word_1_134' title='bbox 451 2544 518 2596; x_wconf 85' lang='lat' dir='ltr'>tate.</span> <span class='ocrx_word' id='word_1_135' title='bbox 565 2539 691 2596; x_wconf 85' lang='lat' dir='ltr'>Wlstani</span> <span class='ocrx_word' id='word_1_136' title='bbox 729 2559 796 2597; x_wconf 89' lang='lat' dir='ltr'>snas</span> <span class='ocrx_word' id='word_1_137' title='bbox 833 2540 955 2614; x_wconf 86' lang='lat' dir='ltr'>putabat</span> <span class='ocrx_word' id='word_1_138' title='bbox 988 2542 1105 2613; x_wconf 75' lang='lat' dir='ltr'>sepinas</span> <span class='ocrx_word' id='word_1_139' title='bbox 1137 2541 1315 2597; x_wconf 76' lang='lat' dir='ltr'>obumbrare.</span> <span class='ocrx_word' id='word_1_140' title='bbox 1366 2539 1423 2595; x_wconf 81' lang='lat' dir='ltr'>Sed</span> <span class='ocrx_word' id='word_1_141' title='bbox 1449 2539 1500 2594; x_wconf 86' lang='lat' dir='ltr'>ille</span> 
     </span>
     <span class='ocr_line' id='line_1_19' title="bbox 450 2627 1499 2702; baseline 0 -20"><span class='ocrx_word' id='word_1_142' title='bbox 450 2629 546 2700; x_wconf 80' lang='lat' dir='ltr'>magis</span> <span class='ocrx_word' id='word_1_143' title='bbox 567 2630 678 2686; x_wconf 87' lang='lat' dir='ltr'>virtute</span> <span class='ocrx_word' id='word_1_144' title='bbox 709 2649 797 2702; x_wconf 87' lang='lat' dir='ltr'>qnam</span> <span class='ocrx_word' id='word_1_145' title='bbox 829 2631 923 2686; x_wconf 89' lang='lat' dir='ltr'>literis</span> <span class='ocrx_word' id='word_1_146' title='bbox 956 2633 1047 2686; x_wconf 87' lang='lat' dir='ltr'>fretus</span> <span class='ocrx_word' id='word_1_147' title='bbox 1081 2649 1127 2686; x_wconf 89' lang='lat' dir='ltr'>res</span> <span class='ocrx_word' id='word_1_148' title='bbox 1158 2631 1288 2686; x_wconf 79' lang='lat' dir='ltr'>ecclcsiae</span> <span class='ocrx_word' id='word_1_149' title='bbox 1321 2627 1499 2692; x_wconf 83' lang='lat' dir='ltr'>defensabat,</span> 
     </span>
     <span class='ocr_line' id='line_1_20' title="bbox 449 2717 1499 2791; baseline -0.001 -18"><span class='ocrx_word' id='word_1_150' title='bbox 449 2737 625 2791; x_wconf 84' lang='lat' dir='ltr'>quamquam</span> <span class='ocrx_word' id='word_1_151' title='bbox 662 2737 722 2776; x_wconf 90' lang='lat' dir='ltr'>non</span> <span class='ocrx_word' id='word_1_152' title='bbox 759 2721 803 2775; x_wconf 89' lang='lat' dir='ltr'>ita</span> <span class='ocrx_word' id='word_1_153' title='bbox 839 2721 927 2776; x_wconf 88' lang='lat' dir='ltr'>hebes</span> <span class='ocrx_word' id='word_1_154' title='bbox 962 2721 994 2776; x_wconf 92' lang='lat' dir='ltr'>in</span> <span class='ocrx_word' id='word_1_155' title='bbox 1025 2719 1118 2776; x_wconf 86' lang='lat' dir='ltr'>literis</span> <span class='ocrx_word' id='word_1_156' title='bbox 1148 2719 1237 2774; x_wconf 84' lang='lat' dir='ltr'>inerit</span> <span class='ocrx_word' id='word_1_157' title='bbox 1268 2725 1302 2774; x_wconf 90' lang='lat' dir='ltr'>nt</span> <span class='ocrx_word' id='word_1_158' title='bbox 1333 2717 1499 2791; x_wconf 84' lang='lat' dir='ltr'>putabatur,</span> 
     </span>
     <span class='ocr_line' id='line_1_21' title="bbox 450 2807 1499 2882; baseline 0 -20"><span class='ocrx_word' id='word_1_159' title='bbox 450 2808 558 2880; x_wconf 90' lang='lat' dir='ltr'>qnippe</span> <span class='ocrx_word' id='word_1_160' title='bbox 580 2808 632 2881; x_wconf 87' lang='lat' dir='ltr'>qni</span> <span class='ocrx_word' id='word_1_161' title='bbox 654 2815 761 2866; x_wconf 72' lang='lat' dir='ltr'>cretata</span> <span class='ocrx_word' id='word_1_162' title='bbox 780 2810 943 2866; x_wconf 75' lang='lat' dir='ltr'>necessario</span> <span class='ocrx_word' id='word_1_163' title='bbox 965 2809 1053 2866; x_wconf 87' lang='lat' dir='ltr'>sciret</span> <span class='ocrx_word' id='word_1_164' title='bbox 1075 2813 1181 2882; x_wconf 74' lang='lat' dir='ltr'>praeter</span> <span class='ocrx_word' id='word_1_165' title='bbox 1203 2807 1316 2864; x_wconf 85' lang='lat' dir='ltr'>febulae</span> <span class='ocrx_word' id='word_1_166' title='bbox 1347 2813 1499 2880; x_wconf 80' lang='lat' dir='ltr'>poetarum</span> 
     </span>
    </p>

    <p class='ocr_par' dir='ltr' id='par_1_5' title="bbox 449 2887 1498 2972">
     <span class='ocr_line' id='line_1_22' title="bbox 449 2887 1498 2972; baseline -0.001 -20"><span class='ocrx_word' id='word_1_167' title='bbox 449 2903 480 2952; x_wconf 88' lang='lat' dir='ltr'>et</span> <span class='ocrx_word' id='word_1_168' title='bbox 513 2899 627 2954; x_wconf 85' lang='lat' dir='ltr'>tortiles</span> <span class='ocrx_word' id='word_1_169' title='bbox 658 2899 853 2972; x_wconf 80' lang='lat' dir='ltr'>syllogismos,</span> <span class='ocrx_word' id='word_1_170' title='bbox 876 2917 942 2972; x_wconf 84' lang='lat' dir='ltr'>quse</span> <span class='ocrx_word' id='word_1_171' title='bbox 966 2899 1062 2954; x_wconf 82' lang='lat' dir='ltr'>forsan</span> <span class='ocrx_word' id='word_1_172' title='bbox 1085 2917 1139 2954; x_wconf 90' lang='lat' dir='ltr'>nec</span> <span class='ocrx_word' id='word_1_173' title='bbox 1171 2887 1278 2954; x_wconf 77' lang='lat' dir='ltr'>nosse⁶</span> <span class='ocrx_word' id='word_1_174' title='bbox 1301 2897 1498 2968; x_wconf 64' lang='lat' dir='ltr'>dignsbatnn</span> 
     </span>
    </p>

    <p class='ocr_par' dir='ltr' id='par_1_6' title="bbox 450 2985 1500 3416">
     <span class='ocr_line' id='line_1_23' title="bbox 450 2985 1499 3059; baseline -0.002 -17"><span class='ocrx_word' id='word_1_175' title='bbox 450 2986 502 3042; x_wconf 88' lang='lat' dir='ltr'>sed</span> <span class='ocrx_word' id='word_1_176' title='bbox 535 2994 566 3043; x_wconf 91' lang='lat' dir='ltr'>et</span> <span class='ocrx_word' id='word_1_177' title='bbox 596 2987 658 3059; x_wconf 88' lang='lat' dir='ltr'>ipss</span> <span class='ocrx_word' id='word_1_178' title='bbox 690 3006 757 3044; x_wconf 90' lang='lat' dir='ltr'>eum</span> <span class='ocrx_word' id='word_1_179' title='bbox 780 2989 818 3044; x_wconf 86' lang='lat' dir='ltr'>ad</span> <span class='ocrx_word' id='word_1_180' title='bbox 840 2988 1080 3044; x_wconf 87' lang='lat' dir='ltr'>consentiendum</span> <span class='ocrx_word' id='word_1_181' title='bbox 1114 2988 1250 3044; x_wconf 90' lang='lat' dir='ltr'>electioni</span> <span class='ocrx_word' id='word_1_182' title='bbox 1284 2986 1320 3042; x_wconf 89' lang='lat' dir='ltr'>de</span> <span class='ocrx_word' id='word_1_183' title='bbox 1352 3005 1383 3044; x_wconf 92' lang='lat' dir='ltr'>se</span> <span class='ocrx_word' id='word_1_184' title='bbox 1414 2985 1499 3041; x_wconf 78' lang='lat' dir='ltr'>fa‘ctae</span> 
     </span>
     <span class='ocr_line' id='line_1_24' title="bbox 450 3076 1500 3149; baseline -0.002 -19"><span class='ocrx_word' id='word_1_185' title='bbox 450 3076 572 3133; x_wconf 91' lang='lat' dir='ltr'>minime</span> <span class='ocrx_word' id='word_1_186' title='bbox 610 3077 688 3133; x_wconf 87' lang='lat' dir='ltr'>flecti</span> <span class='ocrx_word' id='word_1_187' title='bbox 726 3082 832 3149; x_wconf 89' lang='lat' dir='ltr'>posset,</span> <span class='ocrx_word' id='word_1_188' title='bbox 864 3096 883 3133; x_wconf 89' lang='lat' dir='ltr'>a</span> <span class='ocrx_word' id='word_1_189' title='bbox 916 3079 979 3132; x_wconf 88' lang='lat' dir='ltr'>viro</span> <span class='ocrx_word' id='word_1_190' title='bbox 1016 3077 1064 3133; x_wconf 89' lang='lat' dir='ltr'>dei</span> <span class='ocrx_word' id='word_1_191' title='bbox 1096 3077 1209 3133; x_wconf 88' lang='lat' dir='ltr'>Wulsio</span> <span class='ocrx_word' id='word_1_192' title='bbox 1246 3093 1298 3149; x_wconf 87' lang='lat' dir='ltr'>per</span> <span class='ocrx_word' id='word_1_193' title='bbox 1335 3077 1373 3133; x_wconf 84' lang='lat' dir='ltr'>xl.</span> <span class='ocrx_word' id='word_1_194' title='bbox 1408 3093 1500 3130; x_wconf 87' lang='lat' dir='ltr'>annos</span> 
     </span>
     <span class='ocr_line' id='line_1_25' title="bbox 450 3165 1500 3237; baseline 0 -19"><span class='ocrx_word' id='word_1_195' title='bbox 450 3165 561 3222; x_wconf 88' lang='lat' dir='ltr'>incluso</span> <span class='ocrx_word' id='word_1_196' title='bbox 599 3183 652 3237; x_wconf 92' lang='lat' dir='ltr'>pro</span> <span class='ocrx_word' id='word_1_197' title='bbox 690 3183 742 3222; x_wconf 88' lang='lat' dir='ltr'>sna</span> <span class='ocrx_word' id='word_1_198' title='bbox 778 3166 936 3222; x_wconf 84' lang='lat' dir='ltr'>obstinatia</span> <span class='ocrx_word' id='word_1_199' title='bbox 972 3165 1079 3222; x_wconf 72' lang='lat' dir='ltr'>acriter</span> <span class='ocrx_word' id='word_1_200' title='bbox 1111 3172 1155 3222; x_wconf 91' lang='lat' dir='ltr'>est</span> <span class='ocrx_word' id='word_1_201' title='bbox 1188 3171 1357 3236; x_wconf 74' lang='lat' dir='ltr'>correptus,</span> <span class='ocrx_word' id='word_1_202' title='bbox 1382 3165 1432 3220; x_wconf 86' lang='lat' dir='ltr'>sed</span> <span class='ocrx_word' id='word_1_203' title='bbox 1470 3169 1500 3218; x_wconf 84' lang='lat' dir='ltr'>ct</span> 
     </span>
     <span class='ocr_line' id='line_1_26' title="bbox 450 3253 1498 3326; baseline 0 -18"><span class='ocrx_word' id='word_1_204' title='bbox 450 3253 551 3309; x_wconf 82' lang='lat' dir='ltr'>divino</span> <span class='ocrx_word' id='word_1_205' title='bbox 587 3255 703 3310; x_wconf 83' lang='lat' dir='ltr'>oraculo</span> <span class='ocrx_word' id='word_1_206' title='bbox 725 3256 904 3311; x_wconf 88' lang='lat' dir='ltr'>ammonitus</span> <span class='ocrx_word' id='word_1_207' title='bbox 937 3257 1073 3312; x_wconf 91' lang='lat' dir='ltr'>electioni</span> <span class='ocrx_word' id='word_1_208' title='bbox 1107 3256 1261 3322; x_wconf 86' lang='lat' dir='ltr'>consensit,</span> <span class='ocrx_word' id='word_1_209' title='bbox 1285 3253 1368 3326; x_wconf 88' lang='lat' dir='ltr'>cujus</span> <span class='ocrx_word' id='word_1_210' title='bbox 1400 3271 1498 3308; x_wconf 86' lang='lat' dir='ltr'>conse·</span> 
     </span>
     <span class='ocr_line' id='line_1_27' title="bbox 451 3343 1498 3416; baseline 0 -20"><span class='ocrx_word' id='word_1_211' title='bbox 451 3343 574 3398; x_wconf 90' lang='lat' dir='ltr'>crationi</span> <span class='ocrx_word' id='word_1_212' title='bbox 597 3344 655 3399; x_wconf 85' lang='lat' dir='ltr'>duo</span> <span class='ocrx_word' id='word_1_213' title='bbox 677 3345 769 3414; x_wconf 80' lang='lat' dir='ltr'>legati</span> <span class='ocrx_word' id='word_1_214' title='bbox 791 3343 867 3399; x_wconf 88' lang='lat' dir='ltr'>sedis</span> <span class='ocrx_word' id='word_1_215' title='bbox 889 3345 1055 3416; x_wconf 79' lang='lat' dir='ltr'>apostolicas</span> <span class='ocrx_word' id='word_1_216' title='bbox 1080 3345 1284 3401; x_wconf 82' lang='lat' dir='ltr'>interfuerunt.</span> <span class='ocrx_word' id='word_1_217' title='bbox 1332 3345 1369 3398; x_wconf 83' lang='lat' dir='ltr'>Et</span> <span class='ocrx_word' id='word_1_218' title='bbox 1399 3361 1498 3413; x_wconf 89' lang='lat' dir='ltr'>quam·</span> 
     </span>
    </p>

    <p class='ocr_par' dir='ltr' id='par_1_7' title="bbox 450 3431 1500 4042">
     <span class='ocr_line' id='line_1_28' title="bbox 451 3431 1497 3506; baseline -0.002 -18"><span class='ocrx_word' id='word_1_219' title='bbox 451 3431 496 3488; x_wconf 81' lang='lat' dir='ltr'>vis</span> <span class='ocrx_word' id='word_1_220' title='bbox 526 3433 695 3489; x_wconf 88' lang='lat' dir='ltr'>canonicam</span> <span class='ocrx_word' id='word_1_221' title='bbox 725 3434 932 3505; x_wconf 83' lang='lat' dir='ltr'>professionem</span> <span class='ocrx_word' id='word_1_222' title='bbox 967 3435 1073 3490; x_wconf 79' lang='lat' dir='ltr'>feceret</span> <span class='ocrx_word' id='word_1_223' title='bbox 1097 3434 1240 3506; x_wconf 81' lang='lat' dir='ltr'>Stigsndo</span> <span class='ocrx_word' id='word_1_224' title='bbox 1274 3433 1497 3504; x_wconf 77' lang='lat' dir='ltr'>archiepiscopo,</span> 
     </span>
     <span class='ocr_line' id='line_1_29' title="bbox 450 3521 1498 3594; baseline -0.001 -19"><span class='ocrx_word' id='word_1_225' title='bbox 450 3524 695 3578; x_wconf 82' lang='lat' dir='ltr'>consecrationem</span> <span class='ocrx_word' id='word_1_226' title='bbox 718 3527 816 3578; x_wconf 87' lang='lat' dir='ltr'>tamen</span> <span class='ocrx_word' id='word_1_227' title='bbox 839 3524 876 3578; x_wconf 87' lang='lat' dir='ltr'>ab</span> <span class='ocrx_word' id='word_1_228' title='bbox 898 3523 1027 3579; x_wconf 77' lang='lat' dir='ltr'>Aidredo</span> <span class='ocrx_word' id='word_1_229' title='bbox 1050 3523 1224 3579; x_wconf 82' lang='lat' dir='ltr'>Eboraeensi</span> <span class='ocrx_word' id='word_1_230' title='bbox 1258 3521 1393 3594; x_wconf 85' lang='lat' dir='ltr'>suscepit.</span> <span class='ocrx_word' id='word_1_231' title='bbox 1442 3521 1498 3590; x_wconf 87' lang='lat' dir='ltr'>Qui</span> 
     </span>
     <span class='ocr_line' id='line_1_30' title="bbox 451 3611 1500 3686; baseline 0 -22"><span class='ocrx_word' id='word_1_232' title='bbox 451 3617 549 3666; x_wconf 84' lang='lat' dir='ltr'>tamen</span> <span class='ocrx_word' id='word_1_233' title='bbox 582 3611 727 3667; x_wconf 77' lang='lat' dir='ltr'>Aldmdus</span> <span class='ocrx_word' id='word_1_234' title='bbox 758 3613 796 3667; x_wconf 81' lang='lat' dir='ltr'>ad</span> <span class='ocrx_word' id='word_1_235' title='bbox 830 3611 1016 3670; x_wconf 86' lang='lat' dir='ltr'>declinandas</span> <span class='ocrx_word' id='word_1_236' title='bbox 1050 3612 1289 3686; x_wconf 86' lang='lat' dir='ltr'>subsequentium</span> <span class='ocrx_word' id='word_1_237' title='bbox 1320 3611 1500 3683; x_wconf 84' lang='lat' dir='ltr'>calumpnias</span> 
     </span>
     <span class='ocr_line' id='line_1_31' title="bbox 451 3699 1499 3774; baseline -0.002 -19"><span class='ocrx_word' id='word_1_238' title='bbox 451 3705 626 3771; x_wconf 77' lang='lat' dir='ltr'>protestatus</span> <span class='ocrx_word' id='word_1_239' title='bbox 671 3707 716 3756; x_wconf 90' lang='lat' dir='ltr'>est</span> <span class='ocrx_word' id='word_1_240' title='bbox 760 3720 791 3757; x_wconf 91' lang='lat' dir='ltr'>se</span> <span class='ocrx_word' id='word_1_241' title='bbox 827 3703 943 3758; x_wconf 90' lang='lat' dir='ltr'>nullum</span> <span class='ocrx_word' id='word_1_242' title='bbox 982 3703 1118 3774; x_wconf 79' lang='lat' dir='ltr'>deinceps</span> <span class='ocrx_word' id='word_1_243' title='bbox 1152 3700 1202 3774; x_wconf 87' lang='lat' dir='ltr'>jus</span> <span class='ocrx_word' id='word_1_244' title='bbox 1241 3699 1430 3772; x_wconf 88' lang='lat' dir='ltr'>subjectionis</span> <span class='ocrx_word' id='word_1_245' title='bbox 1468 3700 1499 3754; x_wconf 91' lang='lat' dir='ltr'>in</span> 
     </span>
     <span class='ocr_line' id='line_1_32' title="bbox 452 3789 1500 3864; baseline -0.002 -20"><span class='ocrx_word' id='word_1_246' title='bbox 452 3789 584 3845; x_wconf 87' lang='lat' dir='ltr'>Wlstano</span> <span class='ocrx_word' id='word_1_247' title='bbox 617 3790 776 3856; x_wconf 83' lang='lat' dir='ltr'>vindicare,</span> <span class='ocrx_word' id='word_1_248' title='bbox 810 3809 905 3863; x_wconf 83' lang='lat' dir='ltr'>neque</span> <span class='ocrx_word' id='word_1_249' title='bbox 938 3792 1007 3864; x_wconf 87' lang='lat' dir='ltr'>quia</span> <span class='ocrx_word' id='word_1_250' title='bbox 1040 3811 1107 3848; x_wconf 90' lang='lat' dir='ltr'>enm</span> <span class='ocrx_word' id='word_1_251' title='bbox 1146 3795 1372 3855; x_wconf 85' lang='lat' dir='ltr'>consecraverat,</span> <span class='ocrx_word' id='word_1_252' title='bbox 1407 3807 1500 3860; x_wconf 91' lang='lat' dir='ltr'>neque</span> 
     </span>
     <span class='ocr_line' id='line_1_33' title="bbox 451 3878 1500 3952; baseline 0 -20"><span class='ocrx_word' id='word_1_253' title='bbox 451 3878 521 3949; x_wconf 89' lang='lat' dir='ltr'>quia</span> <span class='ocrx_word' id='word_1_254' title='bbox 542 3878 606 3949; x_wconf 81' lang='lat' dir='ltr'>ejus</span> <span class='ocrx_word' id='word_1_255' title='bbox 628 3880 787 3935; x_wconf 85' lang='lat' dir='ltr'>monachus</span> <span class='ocrx_word' id='word_1_256' title='bbox 808 3880 890 3952; x_wconf 90' lang='lat' dir='ltr'>prius</span> <span class='ocrx_word' id='word_1_257' title='bbox 913 3882 1015 3938; x_wconf 79' lang='lat' dir='ltr'>suerat.</span> <span class='ocrx_word' id='word_1_258' title='bbox 1062 3881 1160 3952; x_wconf 78' lang='lat' dir='ltr'>Igitur</span> <span class='ocrx_word' id='word_1_259' title='bbox 1175 3881 1325 3937; x_wconf 85' lang='lat' dir='ltr'>Wlstanns</span> <span class='ocrx_word' id='word_1_260' title='bbox 1348 3879 1500 3951; x_wconf 84' lang='lat' dir='ltr'>episeopus</span> 
     </span>
     <span class='ocr_line' id='line_1_34' title="bbox 451 3967 1500 4042; baseline 0.001 -22"><span class='ocrx_word' id='word_1_261' title='bbox 451 3968 545 4023; x_wconf 83' lang='lat' dir='ltr'>iactus</span> <span class='ocrx_word' id='word_1_262' title='bbox 574 3967 632 4024; x_wconf 91' lang='lat' dir='ltr'>cibi</span> <span class='ocrx_word' id='word_1_263' title='bbox 655 3974 686 4024; x_wconf 88' lang='lat' dir='ltr'>et</span> <span class='ocrx_word' id='word_1_264' title='bbox 715 3975 801 4041; x_wconf 85' lang='lat' dir='ltr'>potus</span> <span class='ocrx_word' id='word_1_265' title='bbox 834 3971 983 4026; x_wconf 86' lang='lat' dir='ltr'>abstinens</span> <span class='ocrx_word' id='word_1_266' title='bbox 1015 3971 1081 4037; x_wconf 89' lang='lat' dir='ltr'>fuit,</span> <span class='ocrx_word' id='word_1_267' title='bbox 1106 3971 1238 4042; x_wconf 87' lang='lat' dir='ltr'>quamvis</span> <span class='ocrx_word' id='word_1_268' title='bbox 1270 3971 1302 4024; x_wconf 92' lang='lat' dir='ltr'>in</span> <span class='ocrx_word' id='word_1_269' title='bbox 1337 3969 1404 4024; x_wconf 87' lang='lat' dir='ltr'>auls</span> <span class='ocrx_word' id='word_1_270' title='bbox 1437 3967 1500 4038; x_wconf 87' lang='lat' dir='ltr'>ejus</span> 
     </span>
    </p>

    <p class='ocr_par' dir='ltr' id='par_1_8' title="bbox 450 4057 1502 4296">
     <span class='ocr_line' id='line_1_35' title="bbox 450 4057 1499 4132; baseline -0.002 -20"><span class='ocrx_word' id='word_1_271' title='bbox 450 4074 503 4128; x_wconf 91' lang='lat' dir='ltr'>pro</span> <span class='ocrx_word' id='word_1_272' title='bbox 533 4074 614 4114; x_wconf 89' lang='lat' dir='ltr'>more</span> <span class='ocrx_word' id='word_1_273' title='bbox 645 4059 810 4130; x_wconf 80' lang='lat' dir='ltr'>Anglornm</span> <span class='ocrx_word' id='word_1_274' title='bbox 844 4062 915 4116; x_wconf 86' lang='lat' dir='ltr'>totis</span> <span class='ocrx_word' id='word_1_275' title='bbox 946 4065 1013 4132; x_wconf 89' lang='lat' dir='ltr'>post</span> <span class='ocrx_word' id='word_1_276' title='bbox 1044 4059 1200 4131; x_wconf 87' lang='lat' dir='ltr'>prandium</span> <span class='ocrx_word' id='word_1_277' title='bbox 1231 4059 1311 4115; x_wconf 87' lang='lat' dir='ltr'>horis</span> <span class='ocrx_word' id='word_1_278' title='bbox 1343 4057 1499 4122; x_wconf 88' lang='lat' dir='ltr'>biberetur,</span> 
     </span>
     <span class='ocr_line' id='line_1_36' title="bbox 450 4147 1500 4221; baseline 0.002 -21"><span class='ocrx_word' id='word_1_279' title='bbox 450 4163 516 4200; x_wconf 87' lang='lat' dir='ltr'>eum</span> <span class='ocrx_word' id='word_1_280' title='bbox 555 4147 660 4219; x_wconf 86' lang='lat' dir='ltr'>quibus</span> <span class='ocrx_word' id='word_1_281' title='bbox 697 4154 728 4204; x_wconf 88' lang='lat' dir='ltr'>st</span> <span class='ocrx_word' id='word_1_282' title='bbox 759 4149 821 4221; x_wconf 91' lang='lat' dir='ltr'>ipse</span> <span class='ocrx_word' id='word_1_283' title='bbox 858 4149 987 4205; x_wconf 88' lang='lat' dir='ltr'>assidens</span> <span class='ocrx_word' id='word_1_284' title='bbox 1024 4150 1149 4220; x_wconf 85' lang='lat' dir='ltr'>psalmos</span> <span class='ocrx_word' id='word_1_285' title='bbox 1185 4147 1364 4214; x_wconf 89' lang='lat' dir='ltr'>ruminabat,</span> <span class='ocrx_word' id='word_1_286' title='bbox 1398 4147 1500 4202; x_wconf 89' lang='lat' dir='ltr'>ordine</span> 
     </span>
     <span class='ocr_line' id='line_1_37' title="bbox 450 4236 1502 4296; baseline 0 -5"><span class='ocrx_word' id='word_1_287' title='bbox 450 4240 548 4292; x_wconf 82' lang='lat' dir='ltr'>tamen</span> <span class='ocrx_word' id='word_1_288' title='bbox 564 4254 616 4292; x_wconf 87' lang='lat' dir='ltr'>suo</span> <span class='ocrx_word' id='word_1_289' title='bbox 638 4237 737 4294; x_wconf 89' lang='lat' dir='ltr'>bibero</span> <span class='ocrx_word' id='word_1_290' title='bbox 759 4238 923 4296; x_wconf 90' lang='lat' dir='ltr'>simulabat.</span> <span class='ocrx_word' id='word_1_291' title='bbox 970 4239 1107 4294; x_wconf 86' lang='lat' dir='ltr'>Bibentcs</span> <span class='ocrx_word' id='word_1_292' title='bbox 1130 4236 1167 4292; x_wconf 86' lang='lat' dir='ltr'>ad</span> <span class='ocrx_word' id='word_1_293' title='bbox 1189 4237 1368 4293; x_wconf 85' lang='lat' dir='ltr'>bilaritatem</span> <span class='ocrx_word' id='word_1_294' title='bbox 1393 4236 1502 4291; x_wconf 74' lang='lat' dir='ltr'>invito·</span> 
     </span>
    </p>

    <p class='ocr_par' dir='ltr' id='par_1_9' title="bbox 449 4324 1501 4399">
     <span class='ocr_line' id='line_1_38' title="bbox 449 4324 1501 4399; baseline -0.001 -19"><span class='ocrx_word' id='word_1_295' title='bbox 449 4324 509 4390; x_wconf 85' lang='lat' dir='ltr'>bat,</span> <span class='ocrx_word' id='word_1_296' title='bbox 533 4325 629 4399; x_wconf 86' lang='lat' dir='ltr'>majus</span> <span class='ocrx_word' id='word_1_297' title='bbox 660 4327 692 4382; x_wconf 92' lang='lat' dir='ltr'>in</span> <span class='ocrx_word' id='word_1_298' title='bbox 715 4328 770 4384; x_wconf 90' lang='lat' dir='ltr'>hoc</span> <span class='ocrx_word' id='word_1_299' title='bbox 792 4327 997 4384; x_wconf 83' lang='lat' dir='ltr'>consuetudini</span> <span class='ocrx_word' id='word_1_300' title='bbox 1027 4327 1140 4399; x_wconf 83' lang='lat' dir='ltr'>patriae‚</span> <span class='ocrx_word' id='word_1_301' title='bbox 1166 4345 1253 4399; x_wconf 87' lang='lat' dir='ltr'>qnam</span> <span class='ocrx_word' id='word_1_302' title='bbox 1277 4327 1368 4382; x_wconf 88' lang='lat' dir='ltr'>animi</span> <span class='ocrx_word' id='word_1_303' title='bbox 1388 4324 1501 4396; x_wconf 86' lang='lat' dir='ltr'>judicie</span> 
     </span>
    </p>
   </div>
   <div class='ocr_carea' id='block_1_3' title="bbox 448 4486 519 4494">
    <p class='ocr_par' dir='ltr' id='par_1_10' title="bbox 448 4486 519 4494">
     <span class='ocr_line' id='line_1_39' title="bbox 448 4486 519 4494; baseline -0.042 0"><span class='ocrx_word' id='word_1_304' title='bbox 448 4486 519 4494; x_wconf 71' lang='lat'>-—</span> 
     </span>
    </p>
   </div>
   <div class='ocr_carea' id='block_1_4' title="bbox 480 4570 1502 4798">
    <p class='ocr_par' dir='ltr' id='par_1_11' title="bbox 480 4570 1502 4798">
     <span class='ocr_line' id='line_1_40' title="bbox 484 4570 1502 4638; baseline -0.002 -17"><span class='ocrx_word' id='word_1_305' title='bbox 484 4571 492 4605; x_wconf 88' lang='lat'>¹</span> <span class='ocrx_word' id='word_1_306' title='bbox 503 4573 679 4638; x_wconf 63' lang='lat' dir='ltr'>jupiter,sdd.</span> <span class='ocrx_word' id='word_1_307' title='bbox 692 4571 769 4638; x_wconf 76' lang='lat' dir='ltr'>Higd.</span> <span class='ocrx_word' id='word_1_308' title='bbox 976 4573 978 4582; x_wconf 92' lang='lat'>&#39;</span> <span class='ocrx_word' id='word_1_309' title='bbox 1032 4570 1101 4623; x_wconf 90' lang='lat' dir='ltr'>⁴0n</span> <span class='ocrx_word' id='word_1_310' title='bbox 1129 4571 1192 4622; x_wconf 89' lang='lat' dir='ltr'>both</span> <span class='ocrx_word' id='word_1_311' title='bbox 1222 4570 1341 4637; x_wconf 75' lang='lat' dir='ltr'>margins,</span> <span class='ocrx_word' id='word_1_312' title='bbox 1372 4571 1502 4622; x_wconf 77' lang='lat' dir='ltr'>Wisiauus</span> 
     </span>
     <span class='ocr_line' id='line_1_41' title="bbox 480 4650 1435 4718; baseline 0.002 -18"><span class='ocrx_word' id='word_1_313' title='bbox 480 4650 590 4714; x_wconf 58' lang='lat' dir='ltr'>&#39;iiim</span> <span class='ocrx_word' id='word_1_314' title='bbox 600 4652 679 4716; x_wconf 78' lang='lat' dir='ltr'>Higd.</span> <span class='ocrx_word' id='word_1_315' title='bbox 991 4651 1084 4715; x_wconf 80' lang='lat' dir='ltr'>sacius</span> <span class='ocrx_word' id='word_1_316' title='bbox 1095 4652 1230 4718; x_wconf 75' lang='lat' dir='ltr'>episcopus</span> <span class='ocrx_word' id='word_1_317' title='bbox 1247 4651 1435 4717; x_wconf 70' lang='lat' dir='ltr'>Wyyomusfs.</span> 
     </span>
     <span class='ocr_line' id='line_1_42' title="bbox 482 4729 1261 4798; baseline 0.001 -18"><span class='ocrx_word' id='word_1_318' title='bbox 482 4729 836 4797; x_wconf 63' lang='lat' dir='ltr'>³nasque1quoqmffligs.</span> <span class='ocrx_word' id='word_1_319' title='bbox 976 4777 978 4786; x_wconf 86' lang='grc'><em>,</em></span> <span class='ocrx_word' id='word_1_320' title='bbox 1033 4730 1261 4798; x_wconf 50' lang='lat' dir='ltr'>‘tenementis</span> 
     </span>
    </p>
   </div>
   <div class='ocr_carea' id='block_1_5' title="bbox 0 0 1818 5784">
    <p class='ocr_par' dir='ltr' id='par_1_12' title="bbox 0 0 1818 5784">
     <span class='ocr_line' id='line_1_43' title="bbox 0 0 1818 5784; baseline 0 0"><span class='ocrx_word' id='word_1_321' title='bbox 0 0 1818 5784; x_wconf 95' lang='lat' dir='ltr'> </span> 
     </span>
    </p>
   </div>
  </div>
 </body>
</html>
