3625 5784
424 869 488 932 208
758 883 904 932 amaror
928 881 1109 930 rurenses

423 1091 530 1146 suum,
555 1075 589 1134 et
619 1091 687 1136 non
720 1071 882 1158 regnavit,
905 1090 944 1136 ea
967 1070 1008 1135 de
1030 1067 1152 1135 carma¹
1184 1071 1335 1154 respectu
1365 1087 1477 1132 eorum

423 1173 481 1258 qui
513 1178 736 1260 regnaverunt
769 1173 817 1237 ita
852 1173 961 1238 dictus
995 1176 1046 1236 est
1078 1170 1243 1236 Hearicus
1281 1170 1409 1248 tertius,
1443 1182 1478 1232 et

424 1281 598 1340 coronatus
625 1279 676 1340 est
698 1275 788 1360 apud
822 1272 1038 1340 Glovemiam
1068 1273 1105 1336 in
1135 1271 1223 1338 festo
1254 1270 1478 1357 apostolorum

426 1375 570 1440 Simonis
593 1379 628 1441 et
661 1375 759 1441 Judae
794 1396 815 1440 a
849 1375 999 1440 Gualone
1025 1374 1137 1461 legato
1169 1375 1211 1438 de
1244 1372 1382 1439 consilio
1403 1393 1480 1458 pro-

256 1468 378 1522 ⁰f²¹¹⁰⁵⁰
427 1498 536 1542 aerum
574 1477 668 1562 regni
708 1477 765 1563 qui
804 1497 934 1562 semper
973 1482 1132 1541 tenerunt
1165 1496 1240 1541 cum
1282 1480 1376 1562 patre
1421 1494 1481 1537 suo

257 1535 408 1652 diffidi)
428 1578 588 1656 Johanue,
622 1579 746 1644 scilicet
778 1578 943 1642 Ranulfus
974 1599 1084 1644 comes
1116 1576 1263 1655 Cestriae,
1294 1575 1480 1640 Willelmus

256 1665 394 1783 ffiffi’e
429 1679 640 1744 Marescallus
673 1701 780 1745 comes
816 1680 856 1745 de
896 1679 1057 1758 Penbrolr,
1082 1679 1141 1744 sed
1163 1678 1350 1743 Willelmus
1384 1677 1425 1742 de
1448 1676 1481 1740 la

258 1800 384 1862 wnosup
430 1781 535 1845 Bruer
557 1801 664 1846 comes
698 1781 738 1846 de
771 1780 923 1860 Ferariis,
959 1781 1125 1846 Henricus
1149 1781 1189 1845 de
1212 1779 1332 1857 Manle,
1354 1778 1412 1844 isti
1446 1783 1481 1843 et

257 1867 401 1982 {namne
430 1883 529 1948 multi
552 1883 610 1948 alii
635 1883 730 1968 quasi
763 1904 876 1948 omnes
914 1887 1095 1948 tenuerunt
1126 1904 1202 1949 cum
1224 1881 1419 1967 Lodowyoo,
1439 1885 1480 1945 ut

431 2005 531 2070 supra
554 1989 670 2070 patet;
694 1984 753 2050 sed
769 1986 812 2049 ad
834 1985 1053 2050 monitionem
1076 1984 1236 2050 Gualonis
1250 1983 1353 2070 legati
1368 2003 1481 2048 omnes

433 2092 606 2172 magnates
651 2087 743 2174 regni
789 2086 990 2172 juraverunt
1039 2085 1235 2152 fidelitatem
1278 2105 1366 2150 novo
1411 2085 1482 2170 regi

432 2187 585 2254 Henrico
631 2188 700 2252 Iste
734 2187 840 2254 Gualo
870 2187 1001 2274 legatus
1034 2186 1336 2254 excommunicavit
1368 2207 1482 2252 omnes

431 2289 570 2354 barones
615 2290 672 2375 qui
717 2294 899 2355 tenuerunt
944 2311 1019 2354 cum
1064 2289 1257 2375 Lodowyco‚
1302 2294 1337 2354 et
1373 2288 1482 2373 ipsum

432 2391 655 2478 Lodowycum
687 2390 749 2456 sub
781 2392 950 2457 sententia
971 2392 1156 2457 innodavit.
1203 2390 1344 2455 Interim
1365 2395 1483 2478 gentes

259 2494 609 2579 TheFrenchLodowyci
647 2498 828 2560 tenuerunt
866 2493 1093 2580 Lyncolniam,
1131 2493 1188 2558 sed
1225 2492 1367 2579 populus
1403 2492 1483 2556 novi

258 2565 409 2691 ffissss‘ffl
433 2597 520 2682 regis
543 2616 618 2661 cum
639 2601 804 2681 potestate
831 2607 998 2661 venerunt
1022 2601 1058 2662 et
1082 2595 1170 2660 forte
1192 2594 1317 2661 bellum
1335 2594 1485 2658 inierunt

432 2719 504 2764 cum
528 2697 707 2764 baronibus
731 2698 788 2784 qui
811 2698 896 2764 inibi
920 2697 1066 2776 luerunt,
1101 2703 1136 2762 et
1167 2699 1320 2762 vicerunt
1341 2718 1421 2777 eos;
1450 2701 1485 2762 et

433 2822 540 2867 comes
577 2799 716 2866 Perches
755 2801 821 2866 fuit
859 2801 995 2880 occisus,
1033 2806 1069 2866 et
1105 2800 1246 2866 barones
1284 2799 1418 2880 devicti,
1450 2804 1485 2864 et

271 2983 277 2994 Ι
433 2902 544 2987 plures
582 2924 623 2966 ex
658 2901 723 2966 illis
762 2901 861 2988 capti,
901 2903 1025 2967 scilicet
1064 2901 1178 2968 Seirus
1217 2901 1258 2967 de
1292 2901 1485 2986 Aquitania,

261 3011 362 3060 tutare
434 3025 541 3070 comes
596 3002 811 3082 Wincestriae,
870 3003 1072 3068 Humfridus
1129 3004 1171 3068 de
1228 3004 1325 3069 Boun
1378 3025 1486 3070 comes

262 3075 386 3125 ‘¹‘s⁰⁸²⁰‘¹·
435 3104 630 3182 Horrorem,
668 3103 834 3170 noceant
875 3105 1094 3170 utu-wear
1130 3110 1166 3170 a
1203 3105 1301 3169 mure
1330 3104 1389 3170 aar
1427 3105 1486 3190 qur

435 3206 612 3273 movebant
643 3229 795 3293 guerram
828 3211 946 3271 contra
980 3229 1099 3292 regem.
1146 3207 1271 3272 Statim
1293 3205 1379 3293 [post
1415 3206 1487 3273 haec

435 3311 626 3376 ordinatum
650 3313 700 3374 est
733 3329 791 3394 per
825 3307 1001 3373 consilium
1033 3309 1127 3394 regis,
1151 3309 1240 3394 quod
1262 3329 1376 3375 omnes
1396 3309 1486 3395 capti

436 3411 568 3476 deuna
604 3414 698 3494 parte
738 3413 772 3474 et
802 3409 869 3474 alia
910 3408 987 3474 hinc
1022 3410 1100 3476 inde
1130 3409 1350 3475 liberarentur
1372 3410 1487 3495 quieti.

265 3513 416 3565 settlement
437 3510 484 3576 Et
507 3511 714 3596 Lodowycus
736 3530 795 3596 pro
820 3510 975 3596 dampnis
998 3517 1032 3577 et
1060 3511 1214 3598 expensis
1236 3511 1373 3577 haberet
1395 3512 1487 3576 mille

264 3580 394 3712 ζξζέζοω,
436 3633 574 3690 marcas,
612 3633 651 3677 ea
688 3611 877 3678 conditione
915 3614 1004 3699 quod
1049 3619 1173 3679 terram
1209 3613 1342 3701 Angliae
1380 3615 1487 3680 exiret

438 3713 591 3799 deinceps
637 3733 704 3776 non
750 3712 917 3778 rediturus
962 3720 997 3779 ct
1035 3715 1083 3779 sic
1126 3735 1245 3800 guerra
1289 3714 1422 3794 finivit3
1454 3721 1488 3781 et

436 3835 548 3878 omnes
581 3819 651 3878 tam
684 3815 817 3879 deuna
852 3822 947 3901 parte
970 3838 1072 3902 quam
1095 3817 1136 3882 de
1157 3815 1290 3882 altera²
1325 3839 1346 3882 a
1378 3817 1488 3904 legato

437 3915 585 3980 Gualone
623 3916 759 3980 fuerunt
797 3918 951 3983 absoluti.
999 3919 1122 3983 Statim
1159 3926 1235 4006 post
1272 3918 1344 3985 haec
1375 3941 1488 3985 omnes

435 4017 629 4104 alienigenae
677 4018 773 4103 ejecti
817 4025 913 4086 erant
947 4021 988 4085 de
1024 4021 1156 4108 Anglia,
1185 4027 1221 4088 et
1262 4023 1375 4088 omnia
1418 4045 1490 4089 oas-

267 4131 408 4194 neparture
436 4120 517 4186 tella
539 4141 611 4205 quae
648 4141 708 4184 rex
745 4118 916 4186 Johannes
947 4121 1130 4188 donaverat
1166 4130 1201 4189 et
1230 4125 1416 4191 tradiderat
1452 4128 1489 4192 in

265 4197 414 4329 idrlllners.
437 4223 620 4290 ⁰u⁵l0di⁸m
652 4221 913 4309 alienigenarum
948 4224 1086 4290 fuerunt
1117 4225 1291 4292 reseisita³
1313 4227 1350 4293 in
1387 4250 1489 4295 manu

946 4387 1089 4394 .-

470 4471 588 4537 ¹cauaa]
633 4471 702 4520 Here
726 4469 783 4520 MS.
810 4471 856 4521 has
879 4487 938 4522 cora
988 4473 1009 4524 it
1036 4488 1099 4541 very
1122 4481 1242 4543 probable
1269 4483 1326 4535 that
1353 4487 1403 4539 MS
1441 4506 1491 4542 was

435 4569 520 4604 aarum
538 4554 588 4601 aad
608 4549 685 4602 omits
703 4555 828 4614 respecta.
861 4549 893 4601 In
904 4552 939 4602 A.
988 4557 1076 4622 copied
1087 4559 1152 4611 from
1164 4565 1198 4614 A,

434 4647 513 4682 causa
524 4630 546 4680 is
563 4629 680 4680 followed
697 4630 732 4695 by
742 4627 782 4694 ἧι,
794 4633 838 4683 the
853 4635 940 4685 abbre-
1022 4635 1033 4669 ²
1050 4639 1118 4690 Both
1131 4642 1206 4695 MSS.
1218 4647 1279 4695 read
1290 4647 1355 4698 alio,

436 4709 531 4760 viation
553 4709 595 4758 for
617 4716 741 4774 respectu.
787 4713 875 4763 Hence
896 4714 940 4764 the
1022 4717 1037 4788 ⁸¹
1051 4721 1178 4789 reseisr'ta]
1226 4724 1295 4776 Both
1324 4729 1400 4782 Mes.
1426 4732 1491 4782 hare

436 4787 649 4838 mistalreinlllS.
685 4789 755 4839 Such
770 4805 852 4841 errore
865 4793 940 4842 make
990 4799 1141 4854 reomela..
