3625 5784
411 847 476 911 192
772 861 917 910 emmor
940 861 1123 912 nursnrou

344 1121 347 1126 ¹
415 1051 450 1112 et
473 1069 508 1113 re
541 1053 575 1112 et
609 1047 742 1112 nomine
775 1047 1009 1132 praedicatores
1042 1048 1247 1114 unanimiter
1284 1049 1465 1136 elegerunt,

244 1139 384 1257 ffiffffl
415 1149 572 1234 quasdam
611 1149 766 1215 arctiores
801 1149 879 1212 vitae
912 1150 1165 1214 consuetudines
1202 1152 1369 1234 quaesibi
1407 1173 1467 1237 per

245 1273 397 1324 Dominam
415 1251 555 1316 formam
579 1251 829 1316 institutionum
860 1250 1081 1315 observandas
1107 1257 1306 1329 statuerunt,
1330 1254 1466 1339 insuper

246 1343 308 1390 ¹⁰¹⁰·
416 1358 627 1418 assumentes
675 1352 808 1416 Interea
842 1351 1039 1416 Innocentio
1072 1351 1228 1418 defuncto
1260 1359 1294 1418 ct
1318 1353 1468 1419 Honorio

416 1454 452 1518 in
499 1475 664 1519 summum
709 1453 888 1518 sublimato
934 1453 1133 1540 pontificem,
1179 1455 1464 1521 confirmationem

416 1557 541 1622 ordinis
579 1578 666 1622 anno
705 1555 832 1620 domini
870 1571 1001 1620 noenu
1047 1577 1068 1621 a
1112 1557 1271 1642 praedicto
1317 1559 1465 1624 Honorio

245 1646 384 1763 {mut
416 1659 617 1744 impetravit.
665 1657 813 1723 Tandem
848 1680 927 1723 vero
959 1658 1247 1744 appropinquante
1281 1683 1349 1725 snae
1376 1683 1467 1746 pere·

245 1781 381 1829 confirmer
416 1761 614 1848 grinationis
653 1761 803 1838 termino,
842 1760 944 1846 apud
969 1760 1151 1826 Bononiam
1186 1763 1284 1848 gravi
1323 1763 1467 1849 corporis

246 1848 383 1962 {lom
418 1850 612 1928 infirmitate
650 1861 872 1947 languescens
904 1864 1092 1928 convocatis
1126 1863 1184 1949 xij.
1219 1887 1261 1929 ex
1302 1871 1467 1929 conventu

417 1969 653 2029 testamentum
684 1962 874 2047 hujusmodi
897 1964 1056 2038 condidit,
1092 1964 1213 2040 dicens,
1237 1974 1255 2003 “
1270 1965 1352 2030 Haec
1389 1971 1469 2030 sunt

418 2075 433 2100 ‘¹
457 2089 531 2153 quae
555 2067 648 2131 vobis
664 2071 823 2150 tanquam
846 2065 926 2129 filiis
943 2065 1153 2131 haereditario
1170 2067 1247 2151 jure
1271 2067 1468 2153 possidenda

417 2177 436 2207 “
460 2170 617 2254 relinquo.
656 2169 837 2234 Caritatem
854 2167 1024 2249 habentes,
1039 2168 1265 2234 humilitatem
1288 2177 1468 2246 seruantes,

247 2273 285 2350 St·
299 2274 350 2360 Da
418 2275 688 2357 “paupertatem
720 2269 943 2336 voluntariam
974 2268 1167 2355 possidete.''
1222 2271 1313 2335 Illud
1344 2271 1468 2336 etiam¹

247 2355 349 2469 {iffi
418 2395 484 2458 qua
499 2372 610 2458 potuit
626 2371 830 2436 districtione
847 2371 1020 2457 prohibuit
1034 2393 1077 2435 ne
1093 2371 1168 2456 quis
1183 2394 1340 2456 umquam
1357 2373 1392 2435 in
1408 2395 1467 2436 suo

246 2471 366 2550 {¹¹¹⁰f18·
417 2475 532 2539 ordine
547 2475 765 2560 possessiones
786 2473 958 2538 induceret
972 2472 1178 2557 temporales,
1201 2473 1465 2539 maledictionem

247 2547 310 2588 ‘¹⁰⁰'
418 2577 471 2641 dei
494 2576 730 2661 omnipotentis
753 2581 787 2640 et
810 2596 902 2639 suam
926 2573 1123 2638 terribiliter
1143 2575 1328 2660 imprecans
1351 2575 1381 2639 ei
1409 2577 1466 2660 qui

418 2677 671 2742 Prtedicatorum
695 2677 843 2742 ordinem
872 2683 1076 2741 terrenarum
1107 2675 1301 2740 divitiarum
1329 2675 1465 2762 pulvere

248 2791 393 2850 medenti,
417 2784 629 2866 praesumeret
664 2777 837 2844 maculare.
888 2777 1028 2842 l'roinde
1062 2776 1106 2841 ad
1136 2784 1319 2841 extremam
1352 2777 1467 2842 horam

248 2861 316 2910 ’ω’
332 2863 553 2946 ¹²²¹·veniens
591 2901 678 2946 anno
716 2879 842 2944 domini
892 2894 1043 2952 ιιίοοιιιιι.1
1077 2876 1260 2942 dormivit²
1302 2879 1337 2942 in
1380 2900 1468 2964 pace,

416 2986 628 3069 sepultusque
652 2989 703 3047 est
725 2983 857 3046 ibidem.

484 3083 641 3150 Ordinem
681 3105 759 3148 vero
804 3082 959 3146 Fratrum
994 3081 1158 3146 minorum
1193 3080 1317 3167 incepit
1354 3082 1471 3146 beatus

249 3187 611 3252 amnemamnem
634 3187 669 3249 in
692 3186 829 3251 civitate
860 3183 978 3248 Assisii
1011 3183 1070 3248 ubi
1102 3183 1261 3248 oriundus
1295 3190 1353 3249 est
1401 3183 1467 3263 Qui

245 3263 371 3378 {ssffissm
417 3313 491 3354 cum
527 3289 657 3354 audiret
689 3287 741 3352 die
774 3287 918 3372 quadam
941 3307 1076 3372 eaquae
1111 3287 1264 3351 dominus
1302 3288 1370 3350 suis
1404 3287 1470 3350 dis·

246 3394 335 3443 minor.
417 3389 536 3476 cipulis
569 3389 611 3454 ad
643 3388 888 3474 praedicandum
913 3388 1021 3452 missis
1053 3387 1182 3453 locutus
1205 3393 1265 3462 est,
1290 3389 1405 3472 statim
1427 3389 1470 3452 ad

419 3493 572 3555 universa
622 3490 786 3556 servanda
824 3495 896 3553 tota
946 3489 1071 3552 virtute
1110 3490 1287 3576 consurgit.
1361 3490 1470 3555 Solvit

418 3593 669 3658 calciamentum
710 3593 750 3656 de
788 3591 937 3678 pedibus,
976 3591 1090 3656 tunica
1126 3612 1195 3656 una
1232 3593 1288 3656 sed
1321 3592 1380 3656 vili
1420 3593 1470 3655 in·

418 3695 541 3771 (luitur,
574 3701 608 3759 ct
639 3716 698 3779 pro
729 3693 868 3778 corrigia
898 3693 1044 3757 mutavit
1073 3692 1267 3758 funiculum.
1300 3693 1471 3758 Instituit·

420 3797 509 3883 que³
555 3796 675 3862 fratres
710 3797 813 3882 juxta
844 3795 936 3859 illam
976 3794 1147 3860 civitatem
1191 3796 1335 3860 Asisiam
1382 3797 1471 3882 apud

419 3905 567 3965 sanctam
589 3899 729 3964 Mariam
757 3899 797 3963 de
830 3897 1045 3963 Portinncula
1067 3918 1155 3962 anno
1179 3897 1302 3962 domini
1337 3915 1470 3962 nccvtl.

420 4001 632 4086 pontificatus
655 3998 842 4064 Innocentii
873 3999 964 4064 tercii
990 4018 1078 4063 anno
1100 3997 1184 4083 xiiij.
1207 4019 1229 4063 a
1251 4020 1316 4083 quo
1338 4005 1374 4063 et
1396 4020 1472 4063 con·

420 4101 569 4166 firmatus
607 4105 658 4165 est
689 4100 770 4164 ordo
802 4099 865 4164 ille.
913 4099 1043 4163 Habuit
1074 4098 1176 4162 etiam
1215 4097 1333 4163 fratres
1355 4100 1391 4162 in
1414 4098 1472 4162 Ri-

418 4203 553 4269 cardina
593 4202 695 4287 juxta
741 4201 924 4265 Bononiam
970 4199 1091 4284 quibus
1128 4199 1314 4265 contulerat
1353 4199 1472 4264 mansi-

417 4304 572 4370 unculam
597 4301 751 4366 dominus
773 4299 972 4366 Accursius⁴
993 4319 1133 4386 magnus
1158 4299 1215 4384 qui
1245 4299 1325 4364 fecit
1349 4321 1469 4363 novam

417 4406 558 4492 glossam
597 4403 633 4467 in
672 4403 750 4488 jure
796 4401 887 4467 civili
922 4421 1021 4486 super
1054 4400 1166 4465 omnia
1210 4423 1241 4464 v.
1287 4401 1466 4466 volumina.

449 4633 456 4666 ¹
476 4631 563 4698 etiam]
580 4631 645 4680 from
658 4631 706 4689 A.;
726 4630 761 4689 in,
772 4629 827 4678 MS.
1003 4625 1015 4657 ³
1032 4627 1145 4676 Horcon
1165 4625 1228 4675 both
1240 4627 1385 4692 margionis
1399 4627 1472 4677 Ordo

447 4713 458 4746 ²
476 4715 544 4764 Here
555 4727 588 4762 on
601 4710 701 4775 margin
713 4709 742 4760 ol
759 4708 821 4760 toth
840 4707 917 4758 MSS.
970 4705 1107 4756 Minorem.

416 4791 437 4843 is
452 4791 564 4842 Sanctus
578 4787 728 4838 Dominicns
741 4785 812 4834 obiit.
1000 4786 1010 4814 ⁴
1031 4785 1176 4848 siccamina,
1187 4785 1264 4837 Mss.
