3625 5784
641 819 912 870 ιιιιοιιιιιιιιιιιιε
934 820 1146 871 chaeremon
1364 811 1426 876 181

205 1009 349 1064 cistrensis.
419 1020 490 1075 Post
519 1020 574 1075 hec
603 1020 680 1075 circa
710 1021 894 1077 nativitatem
924 1020 1019 1075 sancti
1043 1019 1187 1075 Johannis
1221 1023 1422 1078 transfretavit

206 1102 285 1168 Higd.
298 1106 352 1158 viii.
376 1128 427 1166 rex
449 1109 598 1166 Johannee
621 1109 652 1164 in
675 1110 897 1175 Narmanniam,
921 1108 973 1164 ubi
995 1114 1087 1180 capta)
1118 1121 1189 1165 sunt
1213 1115 1325 1182 treugas
1349 1111 1426 1167 inter

207 1171 330 1224 lte-18⁴.

376 1215 458 1270 reges
481 1198 600 1270 anglise
623 1204 654 1255 ct
676 1199 816 1268 hhanciae,
840 1217 874 1254 ac
903 1197 1070 1269 juramento
1103 1205 1134 1254 et
1158 1200 1266 1270 scripto
1288 1200 1423 1267 firmatae,

375 1287 453 1360 qnod
485 1290 550 1360 qais
582 1289 699 1344 illerum
734 1306 833 1360 pacem
869 1288 953 1342 illam
979 1287 1061 1359 prius
1083 1287 1267 1358 infringeret,
1291 1288 1423 1346 hominen

376 1377 457 1433 illius
481 1369 522 1434 a1
554 1377 696 1433 fidelitate
719 1378 939 1433 absolverentur
953 1382 984 1432 et
1008 1377 1045 1432 ad
1069 1366 1218 1432 alternm²
1232 1396 1331 1449 regem
1354 1399 1424 1435 con-

377 1471 564 1524 verterentur.
612 1466 670 1522 Sed
692 1483 758 1522 cnm
790 1466 976 1538 postmodum
1008 1484 1059 1520 rex
1092 1466 1241 1522 Johannee
1279 1468 1423 1524 occideret

375 1556 537 1610 Arthurnm
576 1561 711 1627 nepotem
750 1574 845 1621 raum,
878 1574 929 1610 rex
961 1555 1093 1610 Franciae
1124 1556 1278 1628 occupavit
1314 1559 1423 1613 multas

375 1650 467 1700 terrae
503 1645 720 1700 transmarinas.
778 1645 843 1700 Hoc
880 1662 994 1717 quoque
1031 1663 1108 1699 anno
1146 1663 1242 1700 comas
1276 1647 1423 1702 Flandriae

376 1734 493 1790 devenit
524 1735 611 1790 homo
643 1734 733 1804 ligius
767 1734 844 1804 regis
868 1732 1022 1799 Johannis,
1045 1738 1076 1788 et
1108 1751 1159 1790 rex
1190 1735 1321 1790 Ehanciaa
1353 1737 1424 1791 fecit

375 1823 540 1879 Arthurum
562 1823 698 1890 militem,
723 1822 891 1894 accipiendo
914 1821 1026 1878 abillo
1053 1822 1223 1894 homagium
1254 1842 1306 1895 pro
1337 1825 1424 1881 terris

375 1912 566 1984 Andagaviae,
591 1912 808 1978 Oenomanniae,
832 1911 984 1976 Pictavioe,
1007 1912 1154 1978 Tureniae,
1178 1913 1342 1968 Britannum
1368 1915 1423 1968 nri·

208 2009 291 2074 Taya.
305 2011 353 2062 cal.
375 2003 456 2058 noris
478 2008 508 2058 et
530 2003 729 2057 Narmannioe.
777 2002 819 2056 Eo
842 2019 956 2072 quoqne
986 2019 1063 2056 auno
1093 2001 1253 2057 solenniter
1281 2003 1424 2058 divortia-

205 2083 280 2127 2⁴16.

376 2096 440 2146 tum
479 2096 523 2147 cst
561 2091 639 2146 iuter
668 2108 768 2163 rogam
802 2091 966 2146 Johannem
1004 2095 1034 2145 et
1065 2108 1185 2147 uxorem
1218 2108 1301 2147 snam
1332 2093 1423 2149 tiliam

376 2180 492 2237 comitis
516 2179 681 2236 Gloveruiae
704 2187 822 2252 propter
845 2180 1131 2249 consanguinitatem
1153 2181 1185 2234 in
1208 2181 1295 2237 tertio
1318 2183 1422 2252 gradu,

375 2275 405 2324 et
438 2271 551 2342 acecpit
585 2287 634 2325 rex
668 2269 703 2324 de
736 2269 857 2325 consilio
891 2269 969 2338 regie
992 2268 1125 2324 Francia
1149 2269 1304 2324 Iaabellam
1332 2270 1423 2326 filiam

376 2359 490 2414 comitis
515 2358 551 2414 de
574 2357 754 2430 Engcliemo,
782 2377 817 2412 ex
845 2376 902 2428 qna
931 2359 1036 2428 genuit
1065 2357 1239 2425 Hominum,
1263 2360 1422 2416 Ricardum

375 2447 479 2504 ducem
502 2447 667 2514 Oomubiae,
691 2453 722 2502 et
754 2453 812 2502 tres
846 2447 932 2513 filiae,
955 2452 985 2502 et
1019 2448 1119 2500 statim
1145 2447 1257 2519 accepit
1278 2449 1422 2505 tributum

375 2555 427 2608 per
449 2543 541 2592 totum
564 2538 715 2608 Angliam,
732 2536 879 2601 videlieet,
896 2537 933 2591 de
955 2535 1086 2608 qualibet
1107 2534 1187 2602 hida,
1203 2536 1235 2591 id
1257 2543 1301 2592 cet
1324 2558 1422 2594 camu-

375 2632 441 2682 eata
462 2632 559 2692 terrm,
591 2625 632 2697 iij.
660 2626 767 2682 solidos
789 2632 819 2681 et
841 2625 931 2680 rediit
963 2624 995 2679 in
1029 2625 1250 2679 Nonnauniam.
1296 2629 1359 2696 Quo
1392 2631 1420 2683 ii·

376 2722 504 2788 tempore
528 2716 700 2787 Ranulphue
724 2714 765 2785 iij.
794 2732 889 2770 comes
914 2712 1034 2769 Geetrim
1060 2714 1192 2785 exemplo
1225 2716 1322 2770 sersnn
1345 2718 1424 2787 regia

376 2805 480 2860 ductus
494 2805 614 2877 reliquit
629 2823 746 2861 uxorem
757 2823 839 2860 suam
852 2802 1054 2859 Constantiam
1063 2801 1239 2858 comitissam
1250 2805 1422 2872 Britanniae,

376 2893 597 2965 quamdudum
621 2894 656 2950 de
679 2893 801 2950 oonsilio
822 2894 902 2963 regis
923 2890 1045 2947 Hanrici
1067 2891 1198 2958 duxerat,
1222 2899 1253 2948 et
1276 2895 1424 2966 copulavit

376 2984 432 3038 sibi
464 2983 666 3040 Constantiam
700 2983 791 3038 filiam
830 2980 981 3052 Radnlphi
1013 2980 1049 3035 de
1087 2973 1241 3051 Fengarc.³
1286 2983 1349 3053 Qua
1386 2987 1422 3040 de

374 3090 460 3128 causa
494 3079 528 3128 ut
563 3078 683 3144 putatur
714 3071 823 3128 meruit
854 3071 918 3125 sine
948 3071 1029 3142 prela
1060 3069 1206 3127 decedere.
1252 3071 1317 3128 Hac
1346 3093 1424 3129 anne

375 3162 450 3217 sicut
465 3163 594 3218 creditur
616 3163 803 3217 Tartarorum
827 3160 994 3215 dominatus
1016 3158 1133 3230 incepit
1173 3161 1227 3214 Hit
1242 3179 1347 3234 nempe
1369 3165 1423 3217 sub

373 3251 521 3307 montibus
554 3250 648 3307 Indiae
681 3249 712 3304 in
744 3251 863 3320 regione
897 3249 1018 3304 Tartara
1056 3248 1239 3304 constituunt
1273 3251 1422 3306 domiuum

372 3359 458 3396 enum
491 3358 590 3413 regem
622 3339 717 3396 Indiae
741 3338 837 3394 David
868 3339 963 3392 filium
984 3327 1167 3410 presbyteri⁴
1188 3339 1356 3406 occidentis,
1387 3343 1426 3398 ad

373 3431 490 3502 rapinas
522 3435 552 3487 et
590 3427 822 3502 depraedationes
859 3427 984 3483 aliarum
1023 3427 1177 3482 nationum
1214 3438 1422 3500 precesserunt.

374 3520 438 3575 Hoc
461 3521 551 3575 etiam
574 3537 651 3575 anno
675 3518 868 3588 hhaucigenae
892 3521 1032 3587 ceperant
1053 3516 1155 3571 urbem
1178 3517 1425 3593 Constantinopo-

374 3610 436 3675 lim,
453 3608 485 3664 in
507 3627 564 3681 qua
587 3607 804 3664 constituerunt
827 3608 1031 3678 imperatorem
1054 3605 1263 3679 Baldevynnm
1286 3609 1424 3666 comitem

373 3697 527 3754 Flandriae.
567 3696 660 3768 Cujus
686 3696 767 3750 urbis
791 3696 955 3768 captionem
982 3696 1089 3750 accolae
1120 3695 1212 3751 vicini
1233 3697 1284 3752 vix
1306 3700 1423 3754 credere

371 3787 459 3842 etiam
483 3792 549 3859 post
580 3786 689 3841 multos
712 3785 773 3840 dies
796 3790 954 3856 potuerunt
976 3790 1039 3839 tum
1062 3791 1179 3855 prepter
1202 3786 1282 3842 urbis
1306 3789 1422 3844 fortitu-

371 3876 479 3942 dinem,
515 3883 579 3932 tnm
613 3881 732 3948 propter
762 3874 915 3945 antiquam
945 3872 1127 3946 prophetiam
1159 3893 1217 3946 qua
1248 3877 1422 3947 praedictum

372 3967 475 4031 suerat,
500 3964 580 4020 illam
615 3965 716 4020 urbem
739 3963 803 4035 rapi
827 3981 885 4018 non
909 3980 992 4033 posse
1015 3962 1073 4017 nisi
1096 3981 1147 4034 per
1169 3966 1316 4035 angelum.
1364 3968 1422 4022 Sed

372 4055 503 4110 hostibus
537 4073 589 4126 per
614 4073 731 4108 murum
757 4053 807 4107 ubi
834 4057 896 4107 erat
919 4052 1041 4123 angelus
1066 4051 1198 4123 depictus
1231 4054 1419 4121 intrantibus,

371 4143 518 4214 indigenas
541 4161 593 4214 per
617 4142 876 4215 aequivocationem
891 4141 989 4211 angeli
1012 4159 1042 4195 sc
1059 4141 1194 4212 deceptas
1209 4151 1419 4212 cognoverunt.

415 4231 585 4288 Prodericua
609 4231 640 4303 ij.
663 4231 817 4303 imperavit
843 4229 944 4299 xxxiij.
971 4229 1063 4284 annis.
1110 4229 1168 4284 Hic
1200 4237 1354 4286 coronatus
1384 4235 1420 4287 ab

371 4321 501 4378 Honorio
525 4340 600 4394 papa
633 4323 727 4393 prime
759 4321 833 4376 fovit
867 4317 1019 4375 ecclesiam
1043 4323 1183 4388 tanquam
1210 4324 1344 4384 matrem,
1369 4323 1421 4380 sed

370 4411 556 4482 postmodum
578 4417 718 4483 tanquam
745 4427 899 4465 novercam
924 4407 1070 4479 spoliavit.
1112 4407 1293 4479 Quapropter
1317 4410 1419 4466 Houo-

402 4577 459 4630 ¹de
481 4577 608 4645 fidelitate
630 4593 683 4644 aaa
706 4579 868 4636 solverentur,
953 4571 1192 4640 ’Feuperaiiigd

368 4659 446 4726 Higd,
956 4652 966 4690 ⁴
984 4651 1194 4715 denuntiante.
1208 4655 1286 4729 lnge.

401 4737 411 4777 ⁸
428 4737 548 4812 aenam]
563 4738 649 4804 alium,
660 4737 738 4810 High-
