3625 5784
423 845 467 911 90
772 857 918 908 rimarer
942 858 1125 908 ememor

251 1056 403 1125 Berengsrt
420 1047 622 1134 impetravit
669 1046 871 1112 Perventum
891 1052 943 1113 est
965 1046 1008 1112 ad
1027 1046 1208 1113 consilium.
1255 1047 1474 1136 Berengarius

252 1133 374 1203 ”imm
419 1171 530 1216 coram
575 1150 728 1216 omnibus
769 1171 912 1215 errorem
949 1170 1046 1214 suum
1083 1149 1264 1236 proposuit,
1302 1155 1337 1215 ct
1374 1155 1475 1237 prout

278 1259 283 1270 '
317 1295 325 1310 ·
419 1253 533 1338 potuit
568 1253 754 1318 rationibus
796 1251 1033 1338 comprobavit.
1096 1251 1224 1332 Quibus
1262 1253 1368 1331 dictis,
1406 1275 1474 1318 non

251 1363 383 1442 wiotan
420 1359 492 1419 erat
527 1356 584 1441 qui
616 1355 815 1441 Berengario
848 1354 1069 1440 responderet,
1101 1353 1180 1420 licet
1217 1376 1304 1440 papa
1341 1354 1475 1419 fortiter

251 1431 380 1549 mg
420 1456 604 1522 institisset.
649 1457 809 1543 uigeat
832 1455 1037 1521 musenius
1059 1455 1177 1520 videns
1200 1456 1290 1541 quod
1312 1455 1395 1520 fiiis
1417 1457 1475 1521 ie-

250 1564 396 1615 astarem
419 1559 513 1624 beret
544 1559 733 1645 periclitari,
761 1557 930 1624 licentiam
963 1557 1121 1643 loquendi
1155 1557 1198 1622 ab
1222 1557 1343 1622 abbate
1370 1557 1474 1644 signis

251 1633 378 1694 mim·
417 1660 610 1746 postulavit
663 1660 777 1724 Abbas
808 1681 888 1724 vero
919 1659 1036 1723 videns
1071 1659 1159 1743 quod
1186 1659 1250 1722 sibi
1276 1659 1380 1724 stulto
1407 1681 1474 1725 ser·

250 1777 383 1828 lieisnot
418 1782 514 1826 mone
536 1762 769 1827 verecundiam
791 1761 937 1838 inferret,
960 1761 1130 1826 licentiam
1153 1761 1298 1846 negavit.
1344 1760 1473 1826 Verun-

250 1844 395 1960 ffi'm‘
418 1869 530 1928 tamen
555 1863 645 1928 dixit
671 1864 702 1928 ei
728 1863 874 1948 quidam,
898 1863 988 1948 quod
1014 1862 1155 1927 forsitan
1179 1861 1366 1928 revelatum
1401 1869 1473 1930 erat

251 2001 389 2067 Burgun-
418 1965 537 2030 minori
572 1965 661 2050 quod
692 1987 760 2030 non
791 1964 931 2050 majori;
964 1964 1052 2029 unde
1084 1963 1188 2029 abbas
1219 1984 1295 2030 eum
1329 1970 1472 2030 tremore

251 2067 381 2135 ingiam
417 2067 586 2133 licentiam
603 2068 770 2134 concessit.
809 2067 955 2153 Surgens
977 2087 1056 2132 vero
1079 2064 1305 2131 Ιιιιιιίιιιιιιιιιι1
1328 2067 1472 2132 rationes

250 2136 388 2252 iidffim
417 2169 609 2256 Berengarii
640 2168 852 2255 improbavit,
885 2175 920 2233 et
954 2189 1096 2233 errorem
1129 2169 1201 2254 ejus
1235 2168 1471 2235 manifestavit.

251 2267 393 2346 Jieengu.
418 2270 603 2356 Respondit
618 2270 804 2336 Laniraneo
820 2270 1047 2355 Berengarius,
1063 2271 1136 2336 Aut
1152 2275 1191 2336 tu
1207 2291 1241 2336 ee
1257 2271 1471 2348 Lanfrancus,
1484 2283 1570 2348 Taya
1582 2287 1632 2337 001.

250 2349 300 2384 ω’
417 2377 476 2437 aut
490 2379 529 2438 tu
548 2393 583 2437 es
598 2371 758 2437 diabolus.
796 2371 980 2457 Respondit
996 2371 1225 2455 [Lanfraneue
1242 2373 1341 2458 Vere]
1356 2371 1368 2412 ²
1383 2373 1471 2439 Lan·
1483 2355 1558 2403 ²³⁶¹·

417 2474 553 2541 francus
585 2496 666 2552 sum,
689 2475 747 2539 sed
776 2479 817 2539 tu
839 2495 873 2538 es
895 2473 1080 2552 haereticus,
1104 2479 1138 2540 et
1161 2474 1294 2560 quando
1317 2475 1353 2539 in
1376 2475 1472 2542 scolis

250 2589 352 2666 Heia·
417 2577 645 2654 militavimus,
668 2598 796 2663 semper
825 2581 941 2643 contra
973 2576 1073 2641 fidem
1095 2574 1302 2642 catholicam
1329 2579 1473 2644 auctori·

249 2657 399 2772 {oe‘ffe'ffl
418 2685 505 2744 tates
527 2679 696 2766 collegisti.
753 2679 973 2764 Bercngarius
996 2681 1073 2765 post
1097 2678 1168 2744 haec
1191 2678 1344 2744 haeresim
1377 2702 1472 2746 suam

249 2740 344 2853 girini,
417 2782 576 2868 abjurans
597 2782 641 2847 ad
665 2781 870 2847 catholicam
893 2781 994 2845 fidem
1016 2801 1193 2846 conversus
1216 2787 1274 2846 est.

248 2879 364 2958 yhoie-
460 2885 534 2952 Nec
559 2885 781 2950 omittendum
807 2890 859 2948 est
889 2883 978 2969 quod
1006 2883 1142 2968 quidam
1170 2881 1357 2949 Cardinalis
1382 2885 1474 2951 labo·

246 2946 369 3063 perram
416 3010 494 3054 rans
517 2990 554 3053 in
577 2988 735 3054 extremis
756 3009 837 3051 vuea
861 3008 922 3051 sua
943 3007 1043 3051 aurea
1063 2990 1097 3050 et
1121 2991 1278 3072 argentea
1302 2986 1382 3053 fecit
1407 2989 1473 3054 sibi

249 3103 386 3156 Danbed
417 3091 549 3168 deferri,
572 3095 606 3156 ct
639 3090 841 3175 amplectens
871 3094 912 3152 ut
943 3088 1054 3175 potuit
1078 3089 1205 3174 copiam
1227 3111 1391 3166 vasorum,
1414 3091 1473 3168 ait,

248 3170 354 3302 iiiuy
418 3193 500 3273 Quis
532 3198 566 3258 te
598 3191 710 3277 potuit
740 3190 949 3276 relinqueret
980 3189 1044 3256 heu
1080 3189 1182 3256 mihi!
1214 3190 1342 3270 Quibus
1374 3193 1472 3259 dictis

250 3303 372 3356 cardinal.
418 3294 594 3381 expiravit.

250 3423 393 3473 Aeobbler
463 3394 607 3476 Quidam
630 3400 724 3459 sutor
746 3391 935 3479 intelligens
958 3394 1000 3458 nd
1024 3393 1155 3458 literam
1177 3393 1239 3458 hor·
1261 3399 1471 3480 praeceptum,

248 3489 393 3607 xusset·
419 3497 457 3562 Si
488 3496 603 3562 oculus
634 3501 714 3560 tuus
747 3494 952 3560 scandalizat
984 3501 1018 3560 te
1050 3501 1113 3561 etc.
1152 3495 1269 3560 videns
1304 3496 1472 3581 quandam

249 3622 392 3687 Scriptura
416 3597 588 3664 mulierem
611 3618 686 3663 cum
708 3618 775 3663 uno
798 3596 892 3662 oculo
916 3601 950 3662 et
973 3597 1051 3664 inde
1070 3597 1319 3676 scandalizatus,
1342 3599 1472 3664 oculum

248 3713 372 3793 Ηρπιιιο
417 3720 514 3763 suum
537 3699 693 3766 extraxit.
739 3698 816 3762 Alia
848 3697 919 3764 vice
953 3699 1102 3785 contigit,
1131 3698 1219 3784 quod
1253 3721 1312 3763 rex
1340 3699 1473 3766 Sarace-

249 3779 406 3896 {ffifssh‘
419 3821 538 3866 norum
561 3800 929 3885 oonsilio'quorundam
953 3822 1104 3888 quaerens
1135 3799 1336 3867 occasionem
1359 3807 1474 3868 contra

249 3913 378 3976 proposed
419 3901 624 3969 Obristianos
654 3903 713 3982 ait,
737 3903 779 3966 In
812 3903 986 3989 evangelio
1019 3908 1130 3968 vestro
1161 3903 1321 3990 scriptum
1354 3909 1412 3982 est,
1435 3905 1473 3970 Si

247 3977 389 4094 {mile
420 4007 494 4093 quis
516 4005 636 4070 habuit
658 4005 757 4070 fidem
781 4003 891 4073 εἰοιιι8
917 4027 1058 4091 granum
1085 4004 1210 4091 sinapis
1233 4005 1344 4091 pos'set
1366 4006 1473 4072 dicere

249 4108 388 4175 scripture.
416 4109 495 4175 huic
525 4107 640 4184 monti,
665 4108 754 4192 quod
785 4109 919 4176 tolleret
952 4129 996 4185 se,
1018 4113 1053 4174 et
1086 4109 1134 4173 sic
1165 4107 1269 4176 fieret.
1314 4107 1393 4174 Non
1423 4112 1474 4174 eet

416 4208 538 4297 aliquis
560 4209 824 4276 Oiuistianorum
855 4210 914 4295 qui
947 4209 1019 4276 hac
1051 4209 1198 4296 impleat
1245 4207 1368 4276 Omnes
1399 4232 1472 4276 een-

415 4313 558 4379 tentiam
589 4311 764 4398 capitalem
796 4311 961 4377 subibunt
991 4311 1020 4375 si
1051 4333 1118 4376 non
1156 4310 1338 4398 impleatur
1375 4312 1472 4382 sacto.

248 4417 392 4536 {mlta
417 4416 491 4482 Hoc
513 4416 611 4496 dieto,
634 4413 823 4501 patriarcha
844 4412 1090 4478 Alexandrinus
1113 4413 1235 4478 clerum
1258 4419 1293 4479 et
1314 4414 1472 4501 populum

450 4719 460 4752 ¹
477 4717 547 4770 Hem
558 4716 585 4767 in
596 4715 631 4768 Α.
643 4729 756 4767 caueam
772 4714 795 4766 is
814 4713 923 4775 written,
1004 4711 1015 4744 ²
1032 4713 1109 4764 mom
1119 4713 1170 4773 Aa
1189 4729 1240 4765 om.
1251 4715 1308 4766 MS.

414 4797 570 4850 batanaea
1003 4791 1196 4856 utentium,
1210 4801 1323 4863 utaoepe.
