3625 5784
406 835 472 904 360
754 851 900 902 narrum
924 849 1107 898 turrenses

411 1042 645 1129 quamprimo
672 1063 827 1128 pompose
857 1042 898 1108 de
929 1031 1144 1108 Dunelrnensi
1173 1040 1282 1127 petiit,
1315 1037 1459 1126 appella-

410 1147 500 1212 tione
517 1146 712 1232 interposita
727 1146 873 1232 segniter
888 1149 1079 1230 prosecutus
1093 1151 1152 1209 est.
1200 1143 1290 1208 Huic
1304 1142 1459 1208 successit

412 1245 578 1313 Henricus
594 1247 634 1312 de
652 1247 818 1312 Newerke
834 1246 980 1332 ejusdem
1003 1245 1146 1311 ecclesiae
1168 1244 1319 1322 decanus,
1334 1243 1458 1309 electus

239 1349 326 1402 olhis
340 1366 395 1401 sue.
409 1371 429 1412 a
452 1347 613 1413 fratribus
633 1367 733 1412 ‘anno
755 1347 880 1413 domini
903 1363 1070 1412 nccxcvl.
1118 1345 1184 1425 Qui
1206 1351 1341 1432 propter
1362 1367 1456 1430 guer-

237 1433 329 1468 Μ’
410 1473 481 1516 rem
504 1451 592 1517 inter
614 1471 706 1538 reges
722 1449 882 1517 Romam¹
905 1451 997 1515 adire
1020 1470 1087 1514 non
1109 1447 1235 1526 valens,
1250 1470 1309 1534 per
1332 1448 1457 1512 bullam

408 1555 622 1619 confirmatus
654 1563 713 1630 est,
746 1559 780 1619 et
812 1575 853 1618 ex
886 1552 1131 1637 dispensatione
1162 1571 1258 1637 papae
1288 1549 1456 1616 Bonelacii

407 1656 442 1720 in
466 1655 601 1721 ecclesia
631 1677 692 1720 sua
718 1653 915 1719 Eboracensi
946 1659 1152 1718 consecratus
1182 1674 1242 1739 per
1271 1653 1456 1718 Antonium

406 1757 662 1822 Dunelmensem
686 1756 882 1842 episcopum.

238 1860 305 1914 lul).
320 1867 392 1914 1295·
449 1863 548 1923 Anno
564 1858 682 1943 gratiae
698 1873 850 1922 noem.
895 1853 1231 1921 Edmundus²frater
1246 1857 1332 1943 regis
1350 1861 1455 1921 trans·

406 1959 544 2026 fretavit
575 1960 611 2024 in
640 1959 835 2040 vasconiam
859 1980 935 2023 cum
965 1959 1085 2024 comite
1116 1959 1345 2039 Linoolniensi,
1369 1980 1455 2024 asso-

407 2064 503 2130 ciatis
528 2063 575 2128 eis
599 2061 693 2144 xxvj.
725 2061 905 2126 banerettis
936 2067 971 2125 et
1000 2062 1070 2126 dcc.
1094 2062 1240 2140 armat-is,
1262 2083 1337 2126 eum
1361 2061 1456 2148 plebe

238 2175 392 2292 Expention
409 2166 536 2244 multa;
569 2165 863 2252 applicueruntque
897 2163 983 2230 circa
1020 2163 1166 2228 medium
1199 2165 1456 2251 quadragesima

235 2251 336 2372 {ssnff
408 2269 497 2356 apud
520 2267 668 2356 Byrgum
699 2271 733 2331 et
760 2266 893 2352 Blayns,
919 2264 1202 2350 manseruntque³
1223 2266 1347 2332 ibidem
1381 2289 1455 2332 cum

410 2370 528 2457 Anglis
551 2390 632 2454 quos
654 2367 690 2431 in
713 2387 827 2432 eorum
857 2366 1006 2432 adventu
1028 2367 1295 2453 congratulantes
1318 2369 1454 2434 invene·

405 2479 492 2550 rant,
538 2491 639 2557 usque
685 2469 817 2534 Pascha.
878 2467 924 2532 Et
960 2468 1150 2554 congregati
1196 2475 1275 2534 sunt
1311 2471 1355 2536 ad
1400 2493 1453 2536 eos

404 2575 639 2642 Vasconienses
671 2571 771 2636 mulli
803 2575 837 2635 et
868 2575 996 2636 caeterre
1027 2571 1186 2646 nationes,
1217 2571 1266 2636 ita
1296 2573 1385 2657 quod
1418 2575 1454 2637 in

408 2679 502 2744 brevi
524 2680 700 2743 creverunt
724 2674 759 2738 in
782 2694 956 2738 nnmerum
979 2672 1155 2758 plusquam
1170 2674 1204 2758 ij.
1220 2675 1325 2740 millia
1346 2697 1453 2741 arma-
1466 2695 1552 2758 ruys.
1565 2700 1617 2749 σοι,

232 2797 390 2862 Campana
405 2786 537 2860 torum;
560 2779 596 2843 in
611 2776 818 2842 hebdomada
835 2796 913 2840 vero
930 2773 1079 2840 Paschali
1094 2775 1148 2840 die
1164 2776 1319 2842 Mercurii
1341 2801 1450 2844 move·
1465 2767 1542 2816 ²⁵⁰⁸·

221 2864 348 2928 ‘⁰PP⁰⁸¹⁸⁶
405 2887 489 2947 runt
520 2903 556 2946 se
590 2886 623 2946 et
654 2901 696 2944 ex
728 2877 879 2964 opposito
909 2875 950 2941 de
972 2875 1132 2942 Burdeux
1165 2880 1313 2944 fixerunt
1346 2887 1455 2947 eastra

230 2930 374 2982 Bomeau.
405 3004 464 3048 sua
488 3002 509 3047 a
531 2981 667 3046 civitate
689 2978 783 3064 quasi
807 2999 866 3064 per
881 2997 982 3041 unam
1006 2977 1140 3042 leucam
1186 2977 1284 3058 Quod
1304 2980 1454 3047 videntes

403 3085 501 3162 cives,
523 3083 678 3148 exierunt
699 3102 774 3146 cum
798 3080 934 3144 Francis
957 3082 996 3142 ut
1018 3079 1066 3144 eis
1095 3086 1312 3156 occurrerent,
1337 3089 1453 3148 mutuo

403 3187 492 3251 enim
524 3185 684 3250 videbant
721 3205 756 3246 se
790 3186 824 3246 et
857 3181 900 3245 ad
931 3181 1209 3266 congrediendum
1240 3182 1449 3254 festinabant

407 3285 523 3354 Nostri
554 3291 666 3350 tamen
698 3282 919 3368 expectabant
941 3286 976 3346 et
998 3282 1034 3346 in
1056 3288 1150 3367 parte
1173 3288 1384 3351 retraxerunt
1416 3309 1451 3353 se

405 3387 500 3472 quasi
537 3385 647 3471 sugam
687 3383 889 3460 simulantes,
928 3403 1099 3468 quousque
1141 3391 1372 3470 separerentur
1408 3389 1450 3453 ab

231 3507 257 3554 A
270 3515 360 3556 saraa.
406 3489 487 3554 urbe
521 3487 629 3572 spatio
661 3506 788 3571 magno,
823 3489 858 3548 et
880 3483 986 3548 versis
1008 3485 1159 3550 vultibus
1181 3508 1236 3551 eos
1267 3489 1305 3552 in
1336 3491 1450 3555 urbem

231 3581 338 3687 ffilssh
406 3589 608 3655 retrocedere
631 3585 860 3672 compulerunt
872 3609 881 3666 ;
903 3587 1061 3672 caesisque
1084 3587 1178 3672 quasi
1200 3587 1329 3654 duobus
1351 3592 1450 3656 milli·

231 3655 354 3754 stenelie
403 3693 466 3758 bus
504 3691 586 3756 alios
617 3687 759 3753 insecuti
797 3691 877 3751 sunt
915 3707 1019 3772 usque
1053 3689 1096 3753 ad
1126 3695 1257 3775 portam
1295 3692 1449 3760 civitatis

230 3769 306 3820 ‘⁰¹⁰¹‘
407 3793 550 3874 Quidam
582 3791 684 3856 etiam
716 3811 759 3854 ex
790 3790 911 3854 nostris
943 3789 1082 3875 ingressi
1105 3796 1185 3854 sunt
1216 3814 1292 3857 curn
1325 3795 1382 3870 eis,
1415 3801 1450 3862 et

400 3897 535 3960 demum
568 3893 704 3958 dimissa
736 3895 833 3976 porta
862 3890 1013 3976 praeelusi
1043 3896 1123 3956 sunt
1152 3897 1187 3958 et
1209 3897 1338 3972 retenti,
1361 3895 1449 3962 inter

401 4017 483 4082 quos
515 3999 612 4060 erent
642 3992 693 4056 illi
727 3991 793 4056 duo
823 3989 944 4056 fratres
974 3992 1014 4056 de
1039 3991 1176 4078 Manlay
1198 3995 1350 4061 dominus
1383 3999 1448 4064 Ro·

400 4100 514 4164 bertus
553 4101 587 4161 et
618 4093 796 4170 Johannes,
829 4091 886 4176 qui
918 4097 1032 4178 postea
1063 4094 1226 4180 redempti
1256 4104 1337 4164 sunt
1370 4099 1448 4166 dato

399 4200 514 4288 pretio.
572 4198 669 4262 Mane
700 4201 811 4260 autem
842 4193 931 4258 facto
953 4194 1110 4260 timentes
1132 4195 1221 4262 cives
1243 4198 1446 4266 obsidionem

227 4313 328 4429 Tpecit
399 4300 590 4368 continuari
613 4300 837 4383 apposuerunt
860 4295 970 4380 ignem
1000 4295 1037 4359 in
1066 4296 1219 4362 domibus
1249 4300 1447 4368 suburbanis

226 4393 253 4430 Ιθ
276 4395 308 4430 0ss
339 4395 374 4433 10·

429 4551 437 4583 ι
457 4547 598 4600 Remis
610 4547 709 4598 mitten
722 4562 755 4596 on
773 4545 816 4596 the
831 4559 897 4594 mr·
947 4519 1056 4645 mapfdus
1065 4521 1159 4608 frater
1178 4524 1247 4588 repis
1266 4526 1448 4590 transfretavit

948 4613 974 4645 ιιι
1014 4613 1148 4648 meantum.

393 4631 525 4766 vtum·
752 4726 757 4738 ,
805 4725 811 4738 .
980 4673 1279 4743 ἰιιιιιιιιιιιιιιιιιι,Α.;
1296 4691 1449 4745 ausuram,

456 4733 526 4784 Here
546 4745 579 4781 on
598 4728 661 4779 both
679 4741 788 4792 margins
804 4743 826 4775 rs
839 4725 896 4776 Ed·
948 4754 1004 4802 MS.
