3625 5784
404 807 447 868 22
753 819 900 868 unruucr
928 817 1111 866 rrrcurox

346 1025 353 1040 ·
402 1030 541 1097 regnum
556 1010 688 1097 Angliae
711 1031 770 1097 pro
793 1032 828 1076 se
851 1015 886 1075 et
908 1007 1095 1074 haeredibus
1117 1006 1186 1072 suis
1201 1007 1237 1072 in
1252 1011 1459 1093 perpetuum,

403 1117 437 1178 et
461 1112 574 1178 nullus
597 1134 658 1178 rex
681 1111 793 1177 Dueiae
816 1111 971 1177 clsruium
995 1111 1146 1175 mitteret
1167 1110 1204 1173 in
1226 1129 1365 1197 regnum
1391 1108 1460 1171 An-

403 1213 487 1300 glise,
503 1235 565 1280 nec
579 1213 732 1300 deinceps
748 1212 938 1278 molestaret
952 1211 1044 1276 illud.
1078 1211 1122 1275 Et
1136 1210 1214 1276 telis
1230 1215 1356 1296 treuge
1371 1208 1460 1272 inter

349 1341 367 1390 y
405 1319 515 1401 portes
538 1320 637 1402 cepte
659 1320 710 1380 est
732 1314 774 1380 de
796 1315 928 1401 integro
950 1335 1046 1390 euno,
1073 1334 1111 1377 eo
1139 1313 1228 1398 quod
1257 1333 1319 1377 rex
1340 1309 1459 1377 Athel-

329 1495 336 1510 ι
405 1421 520 1482 stonus
536 1415 725 1504 inprovisus
741 1415 852 1481 fueret
867 1414 909 1480 de
929 1412 1064 1502 pugile¹
1080 1415 1139 1500 qui
1154 1414 1302 1479 duellum
1319 1411 1459 1478 cuderet

404 1538 480 1582 cum
504 1516 704 1584 Golibrendo
727 1517 820 1595 inire,
843 1537 902 1603 pro
925 1537 964 1581 eo
987 1515 1076 1601 quod
1107 1515 1155 1580 sic
1186 1513 1358 1580 disbolicse
1392 1519 1461 1580 ste-

404 1623 490 1684 tmae
505 1617 617 1684 fueret
631 1617 765 1704 grandis
781 1623 816 1684 et
830 1617 926 1683 fortis
941 1622 977 1682 et
998 1617 1152 1682 immanis
1167 1637 1336 1693 mensurae,
1352 1621 1388 1680 et
1402 1635 1461 1701 per

404 1725 510 1787 totam
525 1719 682 1807 Anglism
705 1704 860 1806 qnaesivit
881 1740 942 1786 nec
964 1719 1113 1785 invenire
1128 1720 1240 1804 potuit
1262 1739 1460 1805 quemquem

405 1821 463 1907 qui
478 1843 538 1907 pro
553 1843 633 1888 euro
655 1821 709 1888 vel
731 1825 868 1908 argento
884 1821 982 1886 terris
1004 1819 1058 1885 vel
1073 1821 1272 1886 tenementis
1286 1819 1461 1906 negocium

406 1923 542 2011 aggredi
579 1923 688 1990 vellet.
750 1923 919 1988 Turbatus
956 1928 1007 1987 est
1045 1922 1150 2010 igitur
1186 1944 1245 1987 rex
1279 1928 1315 1987 et
1348 1943 1460 1987 omnes

406 2030 577 2112 magnares
599 2047 675 2091 cum
706 2046 752 2090 eo.
807 2025 849 2090 In
881 2024 1051 2112 quindeno
1082 2025 1187 2112 igitur
1217 2029 1294 2090 ante
1317 2029 1461 2110 trewgas

274 2158 309 2209 ng
406 2127 518 2194 finitus
552 2129 660 2214 jecuit
704 2149 763 2193 rex
800 2127 1022 2194 Athelstsnus
1059 2126 1095 2192 in
1133 2127 1235 2193 cubili
1272 2149 1332 2192 suo
1370 2126 1460 2213 apud

406 2228 623 2316 Wyntonism
646 2251 783 2317 sompno
817 2229 958 2307 deditus,
981 2251 1080 2316 quem
1112 2229 1194 2294 deus
1225 2228 1297 2295 caeli
1329 2229 1370 2294 de
1392 2228 1462 2294 elto

326 2377 332 2391 .
406 2332 568 2420 aspiciens
590 2333 746 2398 visitavit
776 2333 812 2398 in
838 2333 1035 2398 necessitate
1057 2333 1203 2418 positum
1226 2354 1284 2419 per
1305 2331 1462 2420 angelum

405 2456 512 2514 suum,
542 2435 591 2502 ite
620 2435 798 2522 inquiens:
835 2433 1069 2511 “Athelstene,
1099 2433 1298 2500 Athelstsne
1331 2433 1462 2521 evigila,

406 2543 424 2570 ⁴¹
447 2535 529 2622 quid
551 2535 723 2601 dormist'’
761 2534 1025 2623 Expergefsctus
1047 2557 1116 2612 rex,
1140 2535 1389 2614 “Benedicte,”²
1409 2536 1461 2601 in·

406 2637 490 2722 quit,
513 2642 531 2672 ‘¹
544 2637 618 2722 quis
650 2659 685 2702 es
717 2635 807 2701 tur”
854 2635 953 2722 “Ego
986 2635 1088 2715 sum,'’
1127 2637 1247 2723 iuquit
1286 2645 1304 2672 “
1318 2637 1461 2702 nuncius

406 2746 425 2773 “
447 2738 587 2805 coelestis
608 2739 694 2825 regis
717 2737 837 2802 missus
860 2737 903 2803 ed
926 2744 970 2816 te,
991 2759 1034 2803 ex
1056 2739 1151 2825 cujus
1173 2744 1268 2824 perte
1291 2738 1355 2804 tibi
1377 2760 1461 2826 prae·

406 2847 424 2879 “
447 2841 542 2928 cipio,
559 2841 647 2926 quod
661 2861 757 2906 mene
772 2841 860 2908 fecto
875 2862 1000 2927 surges,
1016 2846 1051 2906 et
1067 2842 1149 2906 duos
1165 2842 1334 2928 episcopos
1351 2846 1461 2908 tecum

405 2951 422 2976 “
445 2964 555 3010 sumes
578 2948 774 3030 portamque
805 2964 904 3030 super
935 2943 1103 3020 ascendes,
1133 2943 1247 3027 ibique
1281 2964 1385 3029 usque
1415 2942 1461 3008 ed

407 3055 423 3080 “
447 3045 549 3113 sltem
564 3045 705 3132 primam
728 3051 890 3132 expectes,
914 3043 1102 3130 multosque
1118 3066 1280 3131 pauperes
1303 3066 1342 3111 sc
1368 3065 1461 3131 pere·

406 3157 423 3182 “
446 3149 558 3234 grinos
578 3147 661 3213 elios
676 3147 713 3210 in
728 3146 865 3213 civitate
880 3146 1006 3212 iutrsre
1021 3146 1159 3213 videbis.
1195 3147 1262 3212 Sed
1277 3167 1352 3212 cum
1367 3148 1461 3212 vide·

407 3259 426 3284 “
449 3251 494 3314 ris
509 3270 614 3313 unum
638 3249 748 3314 virum
772 3255 901 3314 statura
923 3250 1081 3335 grandem
1105 3249 1141 3314 in
1163 3249 1282 3315 habitu
1298 3249 1460 3337 peregrini

405 3351 601 3416 “indutum
635 3350 763 3415 nudum
798 3349 939 3437 pedibus
971 3351 1188 3429 incedentem,
1216 3352 1325 3438 capite
1356 3353 1461 3418 disco-

405 3461 423 3488 “
446 3457 570 3539 operto,
593 3456 628 3517 et
650 3473 750 3538 super
772 3460 874 3538 caput
906 3450 978 3538 ejus
1010 3472 1114 3517 unum
1145 3457 1272 3518 sertum
1305 3453 1346 3518 de
1376 3452 1462 3518 elbis

236 3569 358 3623 Amam-
404 3562 424 3590 ‘¹
446 3555 538 3632 rosis,
560 3554 669 3640 ipsum
704 3553 847 3620 retineas
882 3555 1056 3640 inprecans
1088 3575 1163 3620 eum
1193 3560 1233 3620 ut
1262 3575 1322 3642 pro
1350 3575 1463 3620 amore

236 3637 355 3756 {md
406 3665 424 3693 “
446 3655 528 3722 Jesu
552 3655 679 3721 Christi
712 3661 746 3722 et
780 3655 851 3721 zelo
883 3656 1163 3744 peregrinationis
1184 3655 1276 3722 suse³
1298 3663 1333 3722 et
1354 3659 1462 3724 tocius

236 3770 373 3823 'hostat
406 3767 426 3794 “
448 3759 542 3846 regni
574 3756 706 3844 Angliae
738 3759 948 3845 promocione
980 3758 1059 3824 belli
1090 3766 1258 3826 certamen
1294 3760 1462 3848 suscipiat,

235 3837 373 3968 fffssffl}
406 3869 422 3897 “
446 3881 525 3927 nem
555 3861 625 3947 ipse
656 3861 770 3927 vincet
802 3859 1042 3926 Oolibrendum
1073 3860 1281 3938 Serscenum,
1304 3870 1341 3927 et
1370 3867 1405 3928 te
1427 3867 1463 3928 ot

405 3971 424 3998 “
445 3984 584 4051 regnum
607 3967 704 4028 tuum
727 3963 768 4028 de
783 3963 947 4029 servitute
968 3963 1137 4052 geudiflue
1160 3964 1322 4031 hberebit.
1369 3965 1462 4032 Tunc

405 4065 625 4132 Athelstsnus
642 4065 740 4131 vnlde
763 4064 912 4132 diluculo
934 4088 1078 4154 surgens,
1094 4068 1268 4135 missarum
1291 4067 1461 4134 devotioni

406 4189 481 4234 cum
513 4189 642 4234 summe
676 4167 855 4234 devotione
886 4189 922 4233 se
955 4169 1109 4248 contulit,
1139 4169 1342 4256 accitisque*
1374 4169 1462 4236 Oen-

405 4269 566 4336 tusriensi
599 4268 844 4356 archiepiscopo
867 4275 902 4334 et
925 4269 1093 4336 Oicestriae
1127 4272 1279 4358 episcopo
1309 4272 1462 4338 nsrrsvit

440 4443 551 4511 ῑρίςιἹε,
562 4445 619 4498 MS.
630 4447 682 4496 und
694 4447 729 4497 A.
958 4463 1006 4511 pro
1025 4449 1112 4508 moise,
1132 4449 1197 4509 &c.;
1215 4447 1274 4500 MS.
1292 4449 1338 4500 hu
1355 4451 1464 4519 nothing

436 4547 447 4580 2
467 4548 623 4611 effidima,
639 4549 714 4600 Mss,
961 4525 1073 4577 between
1089 4541 1142 4576 suc
1162 4527 1214 4576 end
1239 4528 1329 4589 rocio,
1351 4529 1403 4578 end
1425 4528 1465 4580 for

954 4605 1112 4695 pmqrocicse
1134 4620 1241 4670 appears
1262 4613 1291 4658 to
1318 4608 1380 4658 tend
1405 4603 1479 4674 prii

958 4699 1073 4736 coercere.

989 4765 1065 4828 ⁴que
1077 4765 1100 4816 is
1113 4767 1196 4818 notin
1207 4765 1264 4819 MS.

436 4655 498 4706 Ἀ.
521 4655 543 4706 is
562 4653 640 4706 much
662 4653 765 4718 injured
786 4653 845 4706 here
868 4655 901 4721 by

401 4733 457 4796 dre,
468 4733 513 4784 but
533 4729 576 4782 the
594 4735 650 4783 text
661 4747 742 4784 seems
762 4741 789 4784 to
809 4734 840 4784 be
851 4749 903 4783 suu
