3625 5784
403 907 465 966 108
749 914 898 964 lesmor
923 913 1107 964 munros

401 1111 534 1167 minnere
556 1112 581 1166 si
603 1109 715 1166 volunt.
763 1108 873 1166 Vestiti
895 1113 927 1164 et
949 1108 1040 1164 cincti
1063 1109 1223 1165 dormiunt.
1246 1111 1272 1166 2.
1295 1111 1455 1184 Nunquam

401 1205 469 1272 post
490 1199 651 1256 matutinas
673 1199 711 1256 ad
734 1201 843 1255 lectum
864 1198 998 1266 redeunt,
1021 1199 1073 1254 sed
1094 1199 1138 1254 ita
1159 1199 1262 1255 horam
1288 1205 1456 1272 temperant

401 1295 437 1344 ut
474 1295 544 1347 ante
581 1290 681 1345 laudes
730 1305 834 1344 aurora
871 1288 1006 1344 lnoesoet.
1045 1289 1070 1344 3.
1107 1288 1214 1344 Statim
1252 1294 1319 1362 poet
1355 1291 1455 1348 laudes

400 1379 527 1452 primam
565 1384 695 1444 cantent,
731 1383 798 1451 post
831 1395 920 1450 quom
959 1377 996 1432 ad
1034 1396 1122 1450 opera
1158 1383 1273 1436 exeunt.
1320 1381 1347 1435 4.
1371 1381 1455 1450 Quod

400 1468 567 1525 faciendum
601 1469 638 1524 de
660 1468 708 1524 die
731 1467 794 1522 sine
827 1468 947 1522 luoerns
969 1472 1182 1523 consummant.
1228 1469 1254 1524 ὅ.
1277 1468 1385 1524 Nullus
1417 1471 1454 1525 ab

399 1557 480 1614 horis
509 1564 540 1614 et
562 1557 751 1630 completorio
783 1556 865 1612 abest
898 1555 957 1610 nisi
990 1556 1132 1614 infirmus.
1179 1560 1202 1613 6.
1228 1557 1390 1614 Gelerariue
1424 1565 1455 1615 et

399 1647 569 1704 hostilarins
591 1653 658 1720 post
680 1645 903 1718 completorium
925 1652 1042 1712 exeunt,
1067 1651 1097 1702 et
1123 1663 1190 1702 oum
1213 1647 1330 1703 silentio
1352 1648 1454 1721 hospi·

398 1736 479 1792 tibus
501 1736 641 1794 serviunt.
687 1737 712 1791 ⁷.
736 1734 835 1790 Abbas
857 1735 901 1789 nil
925 1735 982 1790 sibi
1004 1735 1062 1791 nisi
1086 1737 1164 1808 quod
1187 1736 1253 1792 aliis
1276 1737 1364 1793 liuere
1387 1757 1453 1812 per-

398 1825 504 1890 mittit,
535 1825 644 1897 ubique
675 1843 744 1882 oum
776 1842 865 1895 grege
900 1841 1028 1896 praesens
1059 1824 1118 1881 nisi
1150 1826 1244 1880 solum
1276 1827 1308 1882 in
1341 1847 1452 1894 mensa,

398 1920 517 1988 propter
539 1915 679 1988 hospites,
701 1914 752 1970 sed
774 1919 805 1970 et
827 1918 899 1969 tuno
929 1918 1047 1970 tantum
1070 1915 1128 1970 dno
1150 1915 1260 1971 fereula
1282 1916 1451 1973 ministran-

398 2013 455 2060 tur.
502 2007 527 2061 8.
552 2004 732 2076 Sanguinem
755 2010 786 2059 et
808 2020 925 2058 earnem
947 2003 1048 2059 nullus
1070 2003 1130 2060 nisi
1152 2003 1287 2060 infirmus
1319 2006 1452 2080 percipit.

398 2093 447 2149 Ab
470 2093 566 2150 idibus
589 2093 768 2166 Septembris
790 2110 882 2163 usque
903 2092 942 2147 sd
965 2093 1077 2149 Pssohe
1098 2097 1215 2149 tantum
1238 2096 1328 2151 semel
1350 2096 1382 2150 in
1405 2096 1453 2152 die

398 2183 565 2249 oomedunt,
589 2183 716 2256 exoeptis
748 2182 850 2238 diebus
873 2180 1037 2239 dominieis.
1084 2183 1110 2238 9.
1133 2184 1293 2256 Nunquam
1327 2186 1453 2242 eleustra

398 2292 451 2330 sua
480 2273 539 2330 nisi
574 2291 660 2329 eausa
692 2273 787 2345 operis
819 2272 965 2327 manualis
1002 2279 1120 2339 exeunt,
1153 2291 1207 2328 neo
1239 2274 1362 2330 uliioubi
1393 2275 1452 2330 nisi

397 2363 495 2419 abbati
527 2364 575 2418 vel
608 2363 699 2436 priori
732 2361 938 2432 colloquentes.
1002 2365 1043 2420 10.
1067 2362 1157 2418 Horis
1191 2362 1338 2419 oenoniois
1369 2366 1452 2420 nulla

397 2452 551 2524 apendioia
581 2451 734 2523 adjiciunt,
758 2455 865 2524 prester
896 2450 1016 2522 vigilias
1039 2470 1091 2524 pro
1123 2452 1275 2508 defunetis.
1326 2453 1450 2509 Ambro-

397 2543 512 2598 sianum
546 2541 670 2598 officium
704 2545 845 2596 exeroent.
892 2540 1053 2613 Hospitem
1076 2547 1105 2596 et
1137 2543 1318 2598 infirmorum
1351 2561 1450 2598 curam

396 2632 513 2687 habent.
560 2632 622 2686 Iste
655 2632 743 2687 abbas
774 2630 825 2686 ille
856 2621 1059 2686 Molunensis¹
1083 2631 1178 2703 primo
1201 2631 1312 2704 impetu
1346 2632 1451 2690 aeriter

397 2720 477 2786 feeit,
516 2725 547 2776 et
592 2721 665 2776 alios
702 2737 788 2791 agere
826 2719 980 2790 compulit,
1019 2719 1071 2776 sed
1101 2719 1274 2792 procedente
1321 2727 1451 2796 tempore

398 2810 549 2884 poenituit,
572 2810 659 2866 homo
689 2809 771 2881 prius
802 2806 927 2863 delicate
959 2809 1097 2865 nutritus.
1143 2808 1235 2882 Oujua
1268 2812 1449 2868 voluntatem
1463 2837 1549 2902 Tm
1560 2839 1609 2891 001‘

396 2899 488 2971 aliqui
526 2899 736 2955 monaohorum
773 2902 982 2966 cognoscentes
1029 2903 1186 2970 procurant
1224 2899 1323 2955 literae
1366 2920 1449 2974 papas
1463 2905 1537 2956 πῃ.

395 2989 599 3056 revocatorias,
628 2986 734 3061 quibus
767 2985 855 3041 abbas
895 2985 946 3042 illo
980 2986 1017 3042 ad
1051 2989 1259 3044 monasterinm
1291 2990 1449 3062 palatinum

395 3079 564 3145 reducitnr3
598 3078 851 3151 sequebentnrque
889 3092 958 3130 eum
997 3095 1097 3133 omnes
1135 3081 1240 3149 preter
1278 3083 1354 3146 octo,
1399 3080 1449 3153 qui

395 3169 564 3225 Alberiourn
599 3169 732 3224 abbstem
754 3165 811 3221 sibi
834 3165 1031 3231 constituunt,
1056 3172 1086 3221 et
1106 3167 1292 3238 Herdingum
1316 3169 1450 3242 priorem.

397 3258 456 3315 Sed
486 3258 541 3313 iste
576 3257 742 3329 Stephanus
778 3253 951 3324 Herdingus
989 3255 1098 3312 ibidem
1145 3256 1330 3328 postmodum
1364 3260 1451 3316 abbas

395 3349 516 3404 effeetus
538 3365 584 3402 xv.
608 3344 785 3401 monasteria
799 3343 902 3408 erexit,
928 3348 959 3399 et
982 3350 1094 3416 septem
1111 3345 1227 3417 incepit
1274 3347 1312 3403 In
1334 3353 1450 3404 tantum

395 3436 489 3508 igitur
511 3436 612 3492 diebus
645 3435 706 3490 illis
728 3435 833 3505 religio
856 3431 910 3486 illa
945 3435 1084 3502 exerevit,
1109 3440 1142 3491 ut
1174 3434 1220 3490 iili
1252 3435 1288 3492 de
1311 3437 1450 3494 Cisteroio

395 3529 491 3583 forent
513 3525 645 3581 omnium
679 3523 888 3579 monachorum
914 3523 1097 3592 exereitium‚
1121 3523 1316 3581 studiosorum
1349 3545 1451 3600 speon-

394 3617 467 3680 lum‚
492 3613 625 3670 desidum
647 3601 807 3668 nestrum.²

431 3704 503 3758 Item
532 3701 634 3756 ibidem
666 3701 821 3772 eapitobsm
844 3699 883 3768 aej.
955 3702 1102 3758 Pasohalis
1134 3703 1166 3774 ij.
1198 3712 1265 3778 post
1298 3707 1451 3763 Urbanum

393 3792 469 3849 aedit
490 3810 566 3864 papa
587 3790 673 3846 annis
694 3789 776 3862 xviij.
800 3790 949 3848 mensibus
972 3809 1010 3860 v.‚
1035 3792 1086 3865 qui
1112 3793 1175 3865 xiij.
1198 3796 1381 3869 episcopatus
1404 3797 1449 3853 sui

392 3900 470 3938 anno
492 3900 552 3937 nna
573 3898 641 3936 oum
657 3879 853 3936 cardinalibus
877 3873 1097 3938 inoaroerstus³
1112 3889 1157 3938 est
1171 3901 1224 3955 per
1244 3886 1449 3958 imperatorem

393 3971 554 4028 Henrioum
577 3986 617 4026 w.
641 3969 764 4025 Romam
787 3970 988 4038 invadentem,
1012 3989 1066 4027 neo
1089 3971 1209 4028 liberari
1231 3975 1329 4044 potuit
1356 3975 1449 4032 donee

388 4059 517 4132 jurasset
538 4059 667 4116 Henrioo
688 4058 870 4128 fidelitatem,
894 4060 1092 4133 promittendo
1108 4061 1136 4116 ei
1159 4061 1349 4120 investiturae
1371 4083 1448 4137 prse-

391 4152 517 4208 latorum
532 4167 600 4206 oum
614 4149 724 4205 annulo
740 4155 770 4204 et
780 4149 892 4218 baculo,
905 4141 980 4229 [et]⁴
992 4149 1070 4222 quod
1085 4154 1447 4224 nunquamexoommuni·

389 4247 469 4298 earet
489 4240 703 4313 imperatorem.
749 4238 843 4310 Super
857 4240 964 4311 quibus
986 4238 1177 4312 privilegium
1191 4241 1219 4296 ei
1235 4243 1448 4316 superscripsit.

391 4331 448 4387 Sed
470 4349 547 4386 anno
570 4327 703 4401 sequenti
724 4328 868 4384 eelebrato
891 4329 994 4384 Romae
1018 4330 1141 4386 oonsilio
1168 4349 1245 4403 pape
1277 4332 1449 4405 dempnsvit

389 4421 503 4476 dietum
525 4418 712 4492 privilegium
749 4417 784 4474 in
805 4417 884 4474 huno
915 4418 1043 4474 modum.
1091 4420 1110 4445 “
1124 4419 1298 4493 Ampleetor
1332 4441 1448 4480 omnem

424 4688 432 4721 ¹
450 4688 625 4750 Moiamsnsis,
642 4687 725 4756 Higd.
970 4661 989 4751 ,³
1006 4662 1047 4713 0¹¹
1059 4662 1122 4752 Μ
1134 4665 1253 4733 marsim,
1265 4665 1379 4734 Papus!
1391 4683 1448 4720 car·

599 4789 604 4804 .
945 4739 1047 4790 (insoles
1059 4749 1263 4796 incarcerantur.

424 4793 435 4827 ²
451 4797 560 4852 ‘'m''
571 4791 647 4856 3¹3⁶·
978 4818 988 4850 ⁴
1006 4819 1084 4872 hom
1098 4821 1173 4888 fligd.
