3625 5784
632 897 903 950 amorerarnsrs
924 897 1137 952 esaonrcor.
1340 885 1405 950 249
1516 965 1522 976 ‚

353 1094 466 1158 autem
513 1087 600 1154 lilius
645 1088 732 1176 regis
773 1109 886 1154 eorum
928 1088 1100 1156 audaciam
1147 1096 1181 1154 et
1226 1089 1406 1156 recollectis

354 1191 469 1256 multis
501 1213 542 1257 ex
573 1189 641 1256 suis
683 1211 756 1258 oum
798 1191 1033 1256 remansissent
1061 1191 1171 1256 adhue
1200 1191 1311 1276 plures
1341 1191 1405 1256 viri

355 1293 582 1370 strenuissimi,
606 1293 771 1378 disposuit
793 1293 914 1358 iterato
936 1293 1027 1358 exire
1057 1294 1099 1358 ud
1131 1314 1285 1378 pugnarn.
1333 1291 1407 1372 Quo

355 1396 487 1482 eognito
529 1395 691 1458 miserunt
731 1393 869 1458 barones
915 1395 1112 1460 mediatores
1158 1395 1309 1481 pacilieos
1351 1382 1565 1480 quinceium

356 1497 442 1562 diem
474 1495 663 1562 differentes
694 1495 730 1560 in
761 1496 943 1560 erastinum
986 1496 1208 1582 promiserunt
1245 1497 1333 1582 quod
1373 1452 1561 1583 inpytetrppted

356 1599 502 1666 crastina
532 1597 586 1662 die
617 1597 832 1682 loquerentur
861 1597 902 1662 de
933 1619 1013 1682 paee
1044 1599 1142 1684 plena
1172 1621 1244 1662 eum
1277 1599 1408 1665 effectu.
1421 1585 1523 1633 ΨΜ·

357 1699 529 1785 Actaque¹
562 1704 641 1764 sunt
667 1697 738 1764 haec
765 1699 800 1763 in
832 1719 941 1764 mense
973 1699 1061 1764 Maio
1092 1699 1145 1764 die
1182 1700 1287 1765 saneti
1313 1701 1409 1764 Dun-

189 1807 333 1872 Tayaeol.
358 1803 446 1868 steni
473 1801 615 1888 episeopi
643 1821 731 1866 anno
762 1800 888 1864 domini
922 1817 1086 1866 siccam.
1135 1801 1301 1886 Sequente
1331 1823 1410 1866 vero
1423 1796 1491 1845 ΑΒ·
1504 1797 1575 1844 ¹2⁶⁴·

188 1879 263 1926 ”⁵¹¹
359 1905 412 1970 dis
443 1902 538 1970 Jovis
569 1903 798 1970 discurrebant
828 1902 917 1967 inter
947 1925 1057 1989 regem
1095 1909 1131 1969 et
1161 1904 1300 1968 barones
1338 1903 1409 1968 bini

358 2013 393 2073 et
419 2006 491 2072 bini
516 2007 556 2070 de
584 2005 700 2070 ordine
715 2004 971 2070 Praedieatorum
988 2010 1023 2070 et
1039 2005 1216 2083 Minorum,
1239 2010 1410 2092 portantes

358 2110 460 2174 verba
499 2107 643 2204 paoifioa,
690 2113 725 2172 et
769 2108 816 2173 sie
854 2129 929 2172 eum
968 2108 1166 2193 quibusdam
1195 2109 1270 2174 aliis
1308 2110 1410 2173 inter·
1423 2103 1516 2155 Prisce

361 2217 520 2298 ponentes
543 2215 653 2297 parles
676 2211 765 2295 quod
796 2209 948 2295 sequenti
972 2210 1026 2276 die
1050 2211 1189 2276 Veneris
1212 2211 1354 2276 tradidit
1375 2233 1410 2276 se
1423 2171 1579 2288 ἕψῃ,

358 2313 446 2378 lilius
474 2333 532 2398 pro
563 2316 665 2398 patre,
703 2310 886 2376 Edwardus
922 2311 1047 2378 scilieet
1081 2333 1142 2396 pro
1175 2333 1251 2398 rege
1287 2317 1322 2377 et
1350 2333 1411 2397 pro
1424 2303 1579 2368 &²¹¹²le

359 2415 487 2482 eaeteria
521 2412 803 2480 commilitonibus
834 2413 913 2490 suis,
944 2417 979 2478 et
1012 2413 1178 2479 Henrieus
1208 2414 1296 2478 filius
1325 2415 1412 2499 regis
1423 2369 1538 2514 {⁰3⁸

360 2517 543 2582 Alemaniae
558 2515 652 2581 dedit
674 2535 708 2580 se
732 2535 791 2600 pro
814 2520 909 2600 patre
932 2534 1001 2596 suo,
1017 2520 1052 2579 et
1074 2514 1145 2580 haee
1167 2516 1229 2579 sub
1251 2538 1307 2601 spe
1323 2517 1412 2600 pacis
1424 2517 1548 2616 ⁸¹V2¹¹¹¹P

361 2625 396 2685 et
433 2619 554 2704 quietis
591 2639 666 2683 eum
710 2616 947 2683 deliberatione
983 2620 1166 2684 tractarent
1208 2617 1411 2702 inposterum
1423 2577 1524 2685 illeiis.

361 2743 436 2808 quae
473 2721 700 2807 provisionum
732 2725 767 2785 et
798 2724 1001 2784 statutorum
1033 2724 1142 2784 essent
1174 2740 1235 2804 pro
1266 2719 1412 2784 utilitate

362 2824 456 2910 regni
496 2823 648 2899 tenenda,
680 2825 714 2886 et
754 2841 827 2906 quae
870 2820 1113 2887 rationabiliter
1152 2822 1340 2897 recusanda,
1377 2828 1412 2887 et

363 2926 450 3012 quod
481 2925 559 2990 hine
595 2923 672 2988 inde
699 2923 824 3008 captivi
849 2922 951 2986 libere
981 2923 1105 3006 absque
1135 2923 1203 2989 ullo
1229 2923 1307 2988 dato
1339 2923 1413 2988 red·

361 3029 524 3092 derantur.

408 3128 567 3214 Sequenti
605 3148 683 3192 vero
722 3126 868 3193 Sabbata
898 3126 1084 3193 licentiavit
1115 3149 1175 3193 rex
1205 3149 1281 3194 suos
1318 3128 1412 3214 quasi
1426 3124 1481 3199 1¹¹0
1493 3121 1556 3186 king

363 3232 492 3306 timone,
523 3235 558 3294 et
594 3229 750 3294 abierunt
786 3228 822 3292 in
860 3248 940 3314 paee
970 3229 1013 3292 ad
1043 3229 1114 3296 loea
1144 3251 1204 3294 sua
1238 3233 1307 3296 tam
1344 3250 1412 3294 ees-
1426 3189 1544 3305 ffissbffi

362 3338 486 3398 trenaee
521 3352 619 3416 quam
654 3328 833 3394 familiares
864 3335 899 3395 et
929 3331 1039 3396 ceteri
1071 3352 1146 3416 quae
1179 3337 1274 3396 erant
1303 3333 1338 3396 in
1363 3353 1413 3398 ec-

363 3435 461 3501 elesia
491 3433 673 3501 constituti.
735 3433 890 3518 Misitque
923 3454 982 3498 rex
1020 3434 1062 3499 de
1092 3434 1228 3500 oonsilio
1265 3434 1324 3499 filii
1362 3435 1414 3499 sui

363 3544 398 3604 et
436 3536 566 3604 semitis
612 3536 724 3600 literas
767 3555 844 3598 susa
882 3535 925 3600 ad
972 3534 1083 3600 fideles
1128 3557 1204 3602 suos
1252 3558 1334 3622 quos
1378 3537 1414 3602 in

365 3639 549 3704 munitione
576 3638 618 3703 de
652 3636 839 3722 Tunebrige
862 3638 1089 3714 constituerat,
1119 3639 1208 3723 quod
1231 3639 1272 3704 de
1294 3645 1413 3705 eaetero

365 3743 541 3828 quiequam
564 3738 742 3806 baronibus
764 3737 844 3804 meli
863 3759 931 3804 non
954 3739 1114 3806 inferrent
1136 3741 1208 3826 [sed
1230 3741 1415 3827 redirent]²

364 3845 407 3910 ad
440 3842 580 3928 propria,
619 3863 658 3904 eo
696 3841 785 3926 quod
819 3861 886 3926 pax
920 3847 994 3909 erat
1029 3843 1065 3906 in
1095 3843 1208 3928 Jauuis
1241 3849 1276 3908 et
1309 3843 1415 3910 modis

365 3945 518 4010 omnibus
540 3943 758 4028 adimplenda.
806 3942 918 4007 Atilii
934 3964 1002 4009 non
1017 3944 1185 4010 eredentes
1200 3952 1416 4031 perrexerunt

366 4048 415 4112 ita
454 4052 493 4112 ut
530 4051 626 4112 erant
660 4066 763 4132 usque
806 4044 959 4122 Bristovv,
997 4051 1032 4112 et
1067 4055 1259 4112 manserunt
1295 4049 1342 4113 ibi
1381 4050 1417 4113 in
1429 4050 1540 4100 Taede-

368 4149 522 4238 praesidio
544 4169 648 4233 usque
672 4153 746 4233 post
777 4147 965 4214 evasionem
998 4148 1058 4212 filii
1094 4150 1181 4234 regis
1204 4149 1362 4215 Edwardi
1396 4116 1576 4246 αἷῗὲἓξῐῗᾱζὶ

367 4271 502 4320 earcere.
549 4249 660 4314 Primo
693 4255 807 4314 tamen
829 4270 904 4314 eum
927 4249 1099 4316 audissent
1120 4251 1208 4336 apud
1233 4250 1416 4338 Tunebn'ge
1429 4259 1570 4326 r0¹3¹0v⁰¹0

366 4377 477 4442 regem
501 4354 670 4421 devictum
693 4357 726 4419 et
750 4352 997 4420 Londonienses
1029 4375 1087 4440 per
1118 4355 1224 4420 filium
1259 4357 1344 4442 regis
1380 4356 1416 4420 in
1430 4317 1532 4364 Brutol.

367 4457 481 4544 lugam
505 4477 624 4533 versos,
648 4455 846 4542 praedicente
869 4454 1037 4521 Willelmo
1059 4457 1101 4521 de
1123 4455 1202 4541 Say,
1226 4458 1318 4541 quie
1341 4477 1416 4523 oon-
1430 4455 1585 4520 Outhewey

367 4559 460 4626 flictu
494 4557 636 4646 fugeret,
675 4557 763 4644 quod
795 4555 1044 4643 hospitarentur
1076 4557 1320 4624 Iondonienses
1358 4520 1554 4650 q11i{1¹},‘{,lnft⁸1}{e

403 4761 518 4820 ¹Diela,
535 4761 607 4821 MS.;
625 4759 780 4822 ricimirum
792 4761 826 4810 A.
949 4758 1022 4809 'red
1036 4759 1164 4827 redirent]
1195 4761 1260 4813 frum
1285 4764 1336 4826 A.;
1367 4781 1417 4818 om.

881 4861 884 4870 ·
915 4839 975 4890 MS.
