3625 5784
441 947 509 1012 242
781 959 927 1007 narrum
952 957 1134 1007 usiusros

441 1145 677 1214 consulendum
699 1149 893 1221 attraxerat,
916 1144 1063 1209 nondum
1087 1143 1176 1208 enim
1198 1143 1379 1207 advenerat
1400 1147 1496 1229 pater

442 1249 513 1334 ejus
536 1269 596 1314 nee
618 1268 725 1336 comes
749 1245 944 1323 (heremias,
968 1246 1124 1311 audacter
1155 1244 1289 1330 quidem
1312 1249 1346 1308 et
1376 1242 1494 1307 unani-

443 1350 541 1414 miter
563 1345 825 1434 responderunt,¹
842 1345 930 1431 quod
950 1347 1142 1412 mandatum
1157 1345 1242 1432 regis
1257 1366 1323 1409 non
1339 1345 1496 1421 facerent,

443 1454 544 1516 immo
567 1473 600 1514 se
624 1455 659 1513 et
683 1450 796 1512 urbem
820 1449 1038 1513 defenderent
1067 1448 1095 1512 si
1118 1454 1204 1511 esset
1233 1469 1363 1512 necesse
1392 1468 1496 1530 usque

443 1554 485 1619 ad
517 1557 665 1616 mortem.
713 1549 808 1630 Quod
840 1549 1013 1614 audientes
1035 1550 1161 1635 regales
1194 1550 1356 1613 miserunt
1387 1548 1495 1612 denuo

443 1652 531 1738 quod
555 1651 673 1716 saltem
696 1649 852 1714 venirent
874 1650 917 1713 ad
941 1671 1072 1713 murum
1096 1650 1244 1715 civitatis
1266 1654 1306 1714 ut
1328 1671 1371 1714 ex
1401 1671 1494 1714 muro

444 1755 657 1840 loquerentur
690 1752 732 1815 ad
768 1772 886 1836 regem,
910 1751 939 1814 si
962 1772 1027 1835 quo
1051 1751 1148 1815 modo
1181 1755 1293 1836 posset
1314 1751 1371 1814 via
1404 1751 1494 1837 pacis

444 1856 602 1922 invenire.
648 1853 696 1917 At
734 1851 784 1916 illi
823 1852 871 1915 nil
911 1851 978 1916 doli
1016 1852 1221 1938 suspicantes
1252 1852 1496 1938 adquieverunt

445 1959 501 2036 eis,
534 1962 567 2021 et
602 1954 724 2018 relictis
756 1953 914 2020 custodiis
945 1954 1013 2018 suis
1048 1975 1179 2018 murum
1212 1976 1326 2018 versus
1364 1960 1497 2040 pratum

445 2058 608 2133 adierunt,
641 2055 763 2119 ibidem
799 2055 886 2119 enim
910 2077 968 2120 rex
992 2061 1027 2120 et
1059 2056 1161 2121 robur
1195 2054 1358 2120 exercitus
1390 2055 1497 2119 immi-

276 2191 404 2254 Dumana
446 2161 555 2226 nebat.
603 2157 743 2221 Interim
781 2177 859 2221 vero
899 2157 978 2221 dum
1018 2157 1106 2221 inter
1142 2179 1253 2244 regem
1292 2161 1327 2222 et
1361 2157 1500 2222 barones

277 2259 394 2374 imis*
446 2263 531 2329 varii
563 2259 765 2324 haberentur
787 2264 951 2324 tractatus
973 2265 1008 2323 et
1031 2259 1163 2339 diversi,
1188 2260 1342 2325 dominus
1374 2245 1499 2346 Philip-

277 2339 352 2440 ωῗῖἓ
362 2339 404 2440 id⁸
446 2387 509 2452 pus
531 2364 649 2428 Basset
664 2361 722 2446 qui
745 2360 788 2424 ad
806 2359 892 2424 hane
907 2361 1102 2426 seditionem
1118 2362 1229 2425 fuerat
1248 2360 1499 2447 praeordinatus,

276 2457 320 2572 {¹122
328 2456 434 2572 3¹¹1*
446 2487 521 2533 cum
544 2463 711 2550 ligonibus
735 2467 769 2526 et
785 2461 1021 2527 instrumentis
1036 2462 1150 2528 ferreis
1172 2468 1207 2528 ct
1229 2463 1312 2527 viris
1335 2484 1498 2550 praepara·

276 2597 359 2655 party,
373 2537 413 2588 μ’
446 2569 491 2634 tis
516 2567 618 2654 juxta
641 2563 879 2630 monasterium
902 2565 1010 2628 sancti
1034 2565 1177 2630 Andreas
1208 2586 1339 2628 murum
1362 2564 1500 2630 suffodit

446 2669 604 2746 civitatis,
642 2666 832 2751 corruitque
870 2687 985 2730 murus
1024 2667 1065 2731 de
1103 2666 1202 2742 facili,
1240 2671 1275 2732 et
1312 2666 1403 2733 facta
1448 2672 1499 2731 est

445 2771 601 2859 planities
635 2789 764 2855 magna,
788 2768 837 2833 ita
860 2767 949 2853 quod
973 2768 1010 2830 in
1034 2789 1101 2832 una
1123 2768 1235 2832 fronte
1258 2768 1389 2854 ingredi
1421 2789 1496 2854 pos·

447 2880 523 2940 sent
538 2877 707 2958 equestres
730 2869 774 2935 xl.
813 2869 1006 2955 Imputatus
1021 2876 1072 2935 est
1094 2870 1196 2934 etiam
1219 2871 1290 2956 ipse
1313 2869 1408 2936 dolus
1431 2870 1497 2934 illis

276 3013 404 3078 herpeair
447 2974 617 3041 monachis
648 2971 851 3058 alienigenis,
875 2971 963 3057 quod
986 2971 1236 3037 introeuntibus
1258 2994 1317 3058 per
1348 2972 1422 3038 illos
1455 2973 1499 3037 ad

277 3079 299 3130 5⁸
311 3081 427 3158 thought,
448 3076 683 3143 introeundum
714 3081 824 3138 essent
858 3079 976 3140 erectae
998 3073 1101 3139 scalae.
1149 3072 1271 3139 Faetus
1303 3080 1354 3139 est
1384 3074 1502 3160 utique

277 3147 424 3264 ζζέἶῗιμ
448 3179 596 3245 ululatus
619 3177 743 3241 multus
766 3181 801 3240 et
823 3174 946 3242 clamor
968 3175 1083 3262 populi
1106 3176 1259 3242 ascendit
1280 3177 1323 3242 ad
1353 3176 1502 3256 barones,

278 3278 364 3328 within
375 3278 419 3328 1¹¹0
448 3281 759 3363 festinaveruntque
791 3277 915 3343 ibidem
939 3279 1089 3343 resistere
1112 3279 1169 3342 sed
1193 3278 1229 3341 in
1252 3300 1392 3357 cassum,
1422 3300 1503 3364 quo-

275 3354 352 3396 “m'
450 3383 540 3447 niam
563 3381 605 3447 ab
628 3380 779 3445 hostibus
798 3378 870 3464 jam
893 3379 930 3443 in
952 3401 1075 3466 magna
1097 3380 1314 3446 multitudine
1337 3382 1501 3467 praeventi

448 3489 535 3552 sunt
581 3483 705 3569 Symon
729 3502 808 3546 vem
835 3481 971 3566 juvenis
995 3502 1069 3547 eum
1093 3481 1193 3547 Petro
1215 3482 1256 3547 de
1287 3483 1401 3548 Monte
1425 3483 1502 3550 forti

280 3634 375 3700 Young
449 3592 484 3652 et
506 3586 618 3671 paucis
641 3605 717 3648 eum
740 3583 956 3668 sequentibus
979 3605 1038 3669 per
1067 3584 1213 3650 medium
1237 3606 1350 3649 eorum
1381 3587 1504 3651 transi·

280 3700 366 3750 Simon
377 3699 409 3749 ue
451 3689 544 3762 liene,
581 3708 655 3752 cum
693 3685 934 3770 aliquantisper
970 3689 1104 3750 strenue
1142 3687 1320 3752 militasset
1351 3692 1387 3754 et
1419 3695 1503 3756 esset

279 3765 426 3882 iiiiter
449 3793 492 3857 ab
524 3790 676 3855 hostibus
708 3788 953 3873 circumseptus,
976 3788 1178 3854 adveniente
1207 3789 1279 3875 jam
1312 3789 1383 3855 filio
1416 3792 1504 3879 regis

277 3899 309 3948 de
319 3900 406 3950 Mont-
452 3891 617 3958 Edwardo
645 3891 742 3974 jussu
765 3889 869 3974 ipsius
903 3894 1023 3976 captus
1058 3897 1117 3956 est.
1164 3891 1283 3956 Clerici
1315 3915 1395 3959 vero
1426 3896 1501 3958 uni-

278 3965 425 4097 motai?
451 3993 621 4062 versitatis
667 3991 817 4069 Oxoniae,
862 4013 936 4076 quae
983 3993 1117 4077 quidem
1165 3993 1365 4059 universitas
1406 3995 1503 4080 jussu

451 4099 611 4166 baronum
636 4095 760 4160 ibidem
784 4092 949 4159 translata
978 4094 1097 4173 fuerat,
1127 4095 1209 4182 ips1s
1240 4096 1504 4181 ingredientibus

279 4235 333 4286 The
450 4209 485 4268 et
518 4197 760 4266 insultantibus
795 4196 921 4282 majora
953 4197 1103 4264 fecerunt
1136 4199 1225 4263 mala
1257 4221 1357 4283 quam
1389 4203 1501 4268 caeteri

280 4304 392 4354 ⁸⁰¹10¹⁰r⁸
449 4306 588 4371 barones
611 4323 685 4366 cum
708 4300 823 4364 fundis
846 4304 881 4364 et
907 4299 1049 4364 arcubus
1066 4304 1116 4387 ⁴et
1138 4299 1275 4366 balistis.
1322 4302 1503 4368 Habebunt

280 4370 427 4502 iiiihsity
450 4405 539 4472 enim
570 4402 730 4469 vexillum
754 4425 813 4489 per
851 4424 886 4467 se
925 4407 961 4466 et
992 4403 1027 4465 in
1061 4401 1201 4467 sublime
1240 4410 1357 4469 contra
1390 4429 1500 4492 regem

280 4502 417 4618 ⁰f0¹fg3¹f¹
451 4515 604 4584 creatum,
643 4505 731 4570 unde
763 4507 868 4570 iratus
900 4528 959 4571 rex
987 4505 1127 4589 juravit·⁸
1166 4507 1253 4592 quod
1286 4507 1321 4570 in
1354 4507 1502 4594 ingressu

279 4583 417 4685 ididiam
451 4610 729 4698 suspenderentur
751 4629 872 4674 omnes.
919 4607 992 4688 Quo
1010 4605 1126 4674 audito
1146 4615 1298 4674 raserunt
1316 4611 1426 4696 capita
1443 4633 1504 4678 sua

279 4703 381 4751 temne.
451 4714 558 4790 multi,
591 4719 625 4778 et
656 4713 769 4798 fugam
801 4711 859 4798 qui
891 4715 1046 4797 poterant
1070 4711 1212 4778 velocem
1243 4713 1401 4778 inierunt.
1447 4715 1504 4779 ln·

485 4831 706 4928 'remedorum
759 4861 795 4912 So
827 4862 854 4911 iu
887 4863 953 4913 both
998 4861 1178 4914 oltbecoeteri
1190 4829 1503 4929 gavethervriter'smind

450 4941 536 5004 MSS..
548 4943 643 5008 clearly
654 4943 764 4992 because
776 4941 819 4990 the
840 4941 951 4992 mention
998 4957 1012 4994 a
1024 4942 1120 5009 feeling
1132 4942 1172 4994 for
1183 4943 1227 4994 the
1238 4943 1330 5010 plural.
