3625 5784
423 868 488 933 466
782 880 930 931 nudarer
955 876 1140 928 rurenrou

254 1084 412 1164 mammea
424 1066 522 1133 villae.
568 1065 698 1132 Deinde
721 1066 870 1152 perrexit
893 1066 930 1129 in
953 1064 1149 1131 eomitatum
1172 1062 1398 1149 Leyeestriam
1435 1060 1479 1125 ad

254 1155 390 1284 ffw'fflss·
424 1170 593 1235 dominam
631 1168 673 1232 de
707 1166 840 1253 Geynes
872 1167 965 1254 apud
988 1165 1171 1231 Morholme
1203 1165 1386 1253 degentem,
1419 1161 1478 1227 ubi

256 1287 326 1337 laud.
424 1293 551 1338 moram
589 1270 696 1335 traxit
733 1291 793 1356 per
829 1290 931 1334 unam
967 1267 1207 1333 hebdomadem
1252 1287 1328 1333 eum
1375 1284 1480 1350 perva

424 1375 583 1441 comitiva
614 1393 674 1437 sua
708 1371 788 1436 viva
819 1372 878 1457 qni
911 1374 1087 1437 evenerant
1118 1392 1139 1435 a
1173 1369 1290 1435 Seotis.
1343 1368 1389 1432 Et
1422 1366 1481 1431 illa

425 1475 561 1540 domina
594 1473 791 1560 respiciebat
822 1494 900 1539 eum
924 1472 965 1538 de
997 1472 1099 1559 equie,
1122 1471 1280 1547 vestibus,
1309 1469 1481 1555 joealibus,

427 1598 509 1643 aure
540 1582 575 1643 et
606 1579 753 1665 argento,
776 1597 855 1641 nam
876 1574 948 1660 ipse
974 1572 1165 1660 perdiderat
1187 1572 1298 1637 omnia
1330 1592 1391 1637 sua
1422 1590 1482 1657 per

429 1678 551 1746 Seotoe.
767 1731 771 1744 .

259 1807 419 1947 wishem,
474 1782 575 1947 Ahnno
610 1779 728 1947 {ratioe
773 1794 995 1945 nccemlpil.
1035 1799 1116 1946 rhepr>O
1142 1776 1327 1943 Edwardup
1371 1774 1482 1942 ¹253ng

260 1898 413 2079 {diffie
429 1902 612 2069 m
628 1901 1002 2069 tentati
1033 2002 1068 2047 a
1100 1900 1239 2068 riti
1269 1900 1306 2045 d
1338 1900 1483 2046 sirim

430 2085 594 2151 solidaml
617 2086 654 2150 in
676 2084 841 2151 auxilium
865 2084 974 2151 Baliol
1007 2084 1094 2171 regis
1131 2082 1260 2160 Seotiae,
1283 2089 1318 2148 et
1340 2080 1485 2147 secunde

430 2186 637 2253 hebdomade
660 2186 923 2274 quadragesimae
958 2188 1174 2253 intraverunt
1196 2192 1320 2251 terrem
1354 2183 1484 2251 Seotiae.

431 2288 476 2354 Et
522 2288 725 2353 transierunt
762 2287 871 2353 multa
920 2287 992 2355 loea
1030 2292 1065 2353 et
1103 2287 1191 2353 mala
1235 2286 1332 2373 plura
1377 2284 1485 2351 Seotis

431 2389 588 2456 feeenmt
634 2388 680 2454 Et
701 2389 828 2454 domini
851 2389 882 2454 le
919 2388 1093 2476 Montagii,
1128 2389 1160 2454 le
1195 2388 1335 2475 Paroyel
1358 2385 1485 2472 Nevyll

431 2490 520 2557 filine
557 2491 687 2558 comitia
725 2490 939 2570 Laneuetriae,
978 2513 1086 2559 eomes
1126 2489 1288 2556 Arundell
1326 2494 1485 2575 ceperunt

265 2579 402 2682 'l'beEnr-
432 2617 535 2660 unam
556 2594 723 2672 fereulam,
745 2594 782 2659 in
804 2616 871 2680 qua
885 2594 1088 2660 invenerunt
1109 2593 1280 2659 dominum
1303 2592 1485 2657 Robertum

265 2670 394 2787 fflhw
433 2696 474 2762 de
499 2695 632 2781 Oolvyll
654 2716 730 2762 eum
753 2718 785 2762 x.
808 2696 947 2762 armetis
978 2716 1054 2761 eum
1085 2695 1201 2760 multis
1223 2694 1420 2760 dominabus
1450 2698 1486 2759 et

266 2798 565 2868 belrsstliotfeminie
602 2796 645 2863 de
690 2798 808 2885 patria,
848 2802 883 2863 et
920 2796 1032 2885 piures
1070 2797 1151 2863 alios
1188 2795 1348 2873 homines,
1373 2802 1486 2881 'atque

434 2894 678 2987 plenitudinem
700 2920 854 2986 magnam
878 2899 1076 2966 victualium
1099 2903 1134 2964 et
1160 2920 1323 2963 summam
1358 2897 1488 2962 habun-

435 3001 595 3079 dantiam,
641 3021 716 3085 quae
770 3001 882 3067 omnia
927 3020 1037 3067 seeum
1082 2999 1283 3065 adducentes
1328 2996 1488 3064 formiam

435 3100 610 3169 funditua¹
625 3108 823 3169 evertenmt
863 3102 992 3168 Deinde
1010 3107 1228 3189 perrexerunt
1243 3101 1440 3187 Berwyeum
1455 3105 1490 3166 et

435 3204 635 3271 obsederunt
656 3226 730 3269 eem
752 3210 823 3269 tam
845 3224 905 3289 per
927 3225 1017 3269 mare
1040 3225 1141 3289 quam
1164 3200 1245 3291 per³
1267 3210 1398 3271 terram
1445 3202 1490 3268 Et

630 3304 1488 3393 v

268 3476 385 3605 ,Ἓξ
440 3508 571 3595 Angliae
594 3528 669 3573 eum
691 3507 738 3592 iij.
762 3529 804 3573 m.
827 3506 1008 3587 hominum,
1033 3514 1068 3573 et
1094 3508 1287 3575 morabatur
1308 3509 1344 3575 in
1366 3510 1490 3597 Anglia

269 3607 426 3724 fflrdoe·
438 3607 482 3675 iv.
505 3608 631 3688 diebus,
655 3613 690 3672 et
712 3607 911 3675 incendebat
933 3608 969 3674 in
997 3609 1211 3696 Gylleelande
1234 3617 1340 3678 terrae
1363 3612 1490 3678 domini

345 3709 351 3722 '
438 3709 574 3775 Radulfi
596 3709 637 3775 de
659 3709 754 3787 Aere,
787 3709 824 3774 in
857 3709 1071 3797 longitudine
1104 3734 1159 3777 xv.
1194 3713 1363 3780 leucarum
1386 3718 1421 3780 et
1451 3714 1489 3779 in

438 3810 618 3878 latitudine
651 3810 724 3896 xvj.
762 3811 937 3880 leuearum
984 3814 1029 3881 Et
1060 3814 1232 3881 redierunt
1266 3820 1380 3882 temen
1413 3838 1489 3883 eum
1501 3818 1645 3885 hyemi

439 3937 544 4003 parva
565 3915 685 4002 praeda
731 3914 896 3981 Dominus
931 3917 1098 3983 Antonius
1112 3916 1223 4009 Lmy,
1246 3924 1281 3985 et
1303 3918 1490 3987 willelmus
1502 3892 1579 3941 ²⁵⁶³'

439 4017 681 4106 Loughmaban
702 4018 917 4083 intraverunt
948 4018 985 4083 in
1017 4017 1163 4085 Seotiam
1193 4040 1269 4086 aum
1292 4021 1492 4109 oetingentie

439 4120 521 4186 viris
544 4126 580 4187 et
602 4120 839 4206 equitaverunt
860 4120 897 4185 in
920 4120 979 4187 illa
1001 4124 1098 4187 noete
1121 4143 1176 4187 xx.
1200 4121 1310 4189 leneas
1332 4122 1374 4189 de
1396 4133 1495 4202 terra,

439 4228 476 4289 et
515 4222 570 4287 die
609 4222 765 4289 Mercurii
797 4222 834 4287 in
865 4222 1136 4289 Annuneietione
1170 4223 1284 4290 Mariae
1321 4232 1497 4312 eoeperunt

440 4323 522 4390 dare
568 4323 721 4389 ineendio
767 4329 802 4390 et
845 4322 957 4409 gladio
1005 4324 1162 4409 quiequid
1207 4324 1415 4407 invenerunt,
1462 4332 1497 4395 et

440 4430 599 4512 ceperunt
621 4424 770 4512 predam
792 4444 948 4511 magnam
971 4425 1174 4495 animalium.
1219 4427 1265 4494 Et
1287 4428 1322 4493 in
1344 4428 1496 4517 ingressu

473 4721 483 4753 ¹
500 4720 614 4772 relidam.
650 4720 719 4773 nott
730 4721 806 4773 MSS.
824 4719 883 4788 give
893 4720 945 4774 thia
1027 4719 1181 4787 ’sudium
1193 4723 1228 4777 A.
1239 4744 1246 4785 ς
1256 4724 1387 4791 sudati,
1397 4726 1455 4780 Ms.

440 4800 510 4851 word
1026 4800 1038 4834 ⁸
1050 4801 1112 4868 per]
1133 4802 1199 4856 stam
1213 4806 1265 4867 A.;
1282 4820 1333 4858 om.
1345 4806 1402 4859 Me.
