3625 5784
413 872 478 938 150
747 887 894 940 neue1c1
917 887 1099 940 uurcnror

412 1091 594 1147 reconditum
616 1095 647 1147 et
669 1089 829 1162 signatum,
853 1091 937 1147 miris
968 1091 1085 1146 indiciis
1113 1097 1158 1148 est
1180 1090 1344 1158 inventum,
1379 1095 1408 1147 et
1433 1090 1464 1147 iu

413 1181 535 1236 ecclesis
556 1181 716 1236 honorifice
740 1181 926 1246 translatum,
943 1199 1162 1252 marmoreoque
1185 1182 1300 1236 tumulo
1324 1181 1462 1237 decenter

415 1271 599 1336 collocutum,
623 1271 675 1325 nbi
706 1277 736 1326 et
769 1289 840 1326 crux
871 1271 1009 1342 plumbus
1040 1270 1137 1344 lepide
1175 1271 1325 1344 supposito
1362 1273 1463 1327 literas

415 1360 576 1432 insculptus
608 1360 732 1416 interius
769 1359 807 1415 sd
842 1361 968 1432 lapidem
1005 1377 1112 1426 versus,
1146 1377 1217 1432 quus
1251 1378 1306 1430 ego
1338 1360 1401 1416 ridi
1432 1366 1462 1416 et

415 1450 604 1517 contrectavi,
639 1450 815 1515 continebat,
852 1451 906 1506 sub
937 1451 992 1505 huc
1015 1450 1124 1506 formu:
1149 1449 1208 1506 Hic
1228 1449 1307 1521 jacet
1331 1450 1461 1522 sepultus

415 1539 535 1596 inclitus
566 1557 617 1596 rex
640 1540 786 1596 Arthnrne
824 1557 892 1594 curn
925 1530 1095 1596 Genereru¹
1119 1557 1208 1595 uxore
1247 1557 1300 1594 sue
1332 1541 1460 1596 secunde

415 1630 448 1684 in
470 1629 566 1684 insule
587 1630 729 1686 Avulonn.
776 1629 826 1685 Sic
849 1635 946 1684 nutem
969 1633 1054 1685 erent
1083 1647 1147 1684 osse
1169 1629 1308 1684 distinctu
1330 1635 1364 1684 ut
1393 1630 1460 1685 dure

415 1724 513 1791 portes
545 1719 691 1790 sepulchri
720 1736 821 1774 versus
853 1723 942 1790 ceput
973 1735 1037 1774 cssu
1066 1719 1122 1774 riri
1148 1719 1348 1784 continebant,
1372 1719 1460 1774 tertia

415 1826 483 1880 pure
514 1825 615 1864 versus
643 1809 732 1880 pedes
769 1826 833 1863 osso
869 1807 1002 1864 mulieris
1039 1807 1191 1862 conclusit.
1236 1808 1295 1864 Ubi
1327 1813 1356 1863 et
1388 1811 1462 1864 trice

416 1914 506 1954 comm
543 1897 675 1954 mulieris
712 1898 789 1953 flurs
825 1915 892 1952 cum
929 1897 1100 1968 integritate
1137 1897 1263 1969 pristinu
1300 1902 1330 1953 ct
1366 1899 1459 1954 colore

415 1991 530 2059 repertu
559 1986 624 2042 fnit
670 1987 764 2056 Quom
798 2004 865 2043 curn
902 1987 1078 2042 monachum
1116 1986 1236 2058 quidum
1274 1986 1358 2043 eride
1392 2005 1460 2042 curn

415 2094 504 2131 menn
526 2075 702 2142 attraxisset,
726 2080 788 2132 totu
810 2075 911 2130 stetim
935 2077 966 2130 in
989 2078 1140 2148 pulverem
1166 2075 1284 2131 decidit.
1316 2075 1460 2132 Audierat

414 2183 541 2237 numque
579 2184 630 2222 rex
664 2153 739 2222 ίΙΙο2
773 2165 919 2221 chricus
953 2183 971 2220 u
1009 2166 1134 2236 quodem
1165 2165 1305 2220 historico
1342 2171 1460 2221 euntere

414 2254 596 2322 Britannico,
620 2255 698 2327 quod
720 2254 862 2326 profunde
884 2256 917 2308 in
939 2259 1017 2312 terru
1039 2255 1155 2310 circiter
1178 2273 1225 2310 xv.
1249 2253 1337 2326 pedes
1352 2273 1456 2327 eorpus

414 2344 538 2400 Arthuri
575 2343 744 2400 invenirent
780 2343 812 2398 in
857 2362 965 2416 quercu
1007 2361 1140 2400 concurs.
1206 2344 1321 2400 Idcirco
1360 2350 1460 2400 eutem

414 2433 557 2505 profunde
588 2434 726 2489 humatus
748 2434 844 2490 fueret
865 2452 903 2489 ne
926 2451 944 2488 e
967 2433 1130 2490 Senonibus
1153 2433 1210 2488 sibi
1234 2433 1348 2490 emulis
1371 2433 1458 2490 facile

413 2523 598 2596 reperiretur,
621 2527 652 2578 et
674 2522 739 2580 ideo
773 2523 866 2580 litere
897 2523 1029 2579 veritatis
1063 2521 1174 2579 indices
1205 2522 1329 2580 interius
1358 2541 1459 2579 rersus

413 2611 541 2685 lapidem
574 2613 696 2684 sculptae
727 2618 819 2669 erunt.
858 2613 897 2668 Et
929 2617 973 2668 est
994 2612 1156 2668 notendnm
1188 2613 1267 2685 quod
1289 2601 1342 2669 08³
1376 2612 1458 2670 tibioe

414 2701 539 2758 Arthuri
576 2707 649 2758 tnnc
686 2701 771 2758 nobis
802 2707 949 2758 ostensum
982 2701 1085 2758 tibiam
1119 2707 1150 2758 et
1183 2719 1262 2772 genu
1293 2701 1457 2774 longissimi

413 2790 541 2848 hominis
579 2795 652 2847 tunc
683 2792 793 2864 reperti
830 2792 925 2847 tribus
962 2791 1065 2863 digitis
1099 2790 1263 2848 excedebat.
1322 2791 1457 2864 Spatium

413 2898 527 2954 qnoque
549 2880 690 2938 intercilii
712 2882 789 2937 inter
819 2880 893 2938 duos
923 2881 1020 2938 oculos
1050 2880 1206 2954 pelmulem
1241 2880 1456 2952 longitudinem
1470 2889 1617 2958 'remeet

413 2969 589 3028 continebat
657 2971 695 3026 Iu
740 2969 824 3043 cujus
879 2971 974 3042 cupite
1019 2971 1061 3026 >rm
1105 2971 1261 3028 vulnerum
1307 2969 1456 3026 cicatrices
1471 2963 1545 3010 ²³⁹⁸·

412 3060 598 3132 upperebcnt
652 3059 725 3129 Quae
755 3060 854 3116 omniu
888 3064 995 3132 praeter
1028 3077 1120 3115 unum
1142 3060 1238 3115 solum
1262 3059 1340 3132 qued
1371 3061 1457 3116 letale

411 3148 576 3216 videbutur,
599 3148 632 3204 in
654 3167 743 3205 nuum
766 3149 933 3206 cicatricem
955 3150 1173 3208 concurrebant.

456 3239 636 3312 lerosolyme
658 3243 743 3312 csptu
774 3243 819 3295 est
852 3256 871 3294 u
903 3238 1054 3295 Surucenis
1085 3243 1115 3295 et
1148 3238 1304 3296 destructe.
1350 3239 1458 3296 Lucius

412 3324 456 3398 iij.
482 3332 551 3400 post
581 3327 783 3383 Alexandrum
817 3327 894 3384 sedit
930 3345 1006 3401 pepe
1038 3328 1124 3384 annis
1162 3327 1201 3386 ir.
1234 3329 1383 3386 mensibus
1415 3327 1456 3401 iij.

412 3415 475 3486 Quo
512 3434 590 3472 enno
627 3415 701 3472 obiit
737 3418 827 3490 Hugo
868 3435 965 3474 comes
1006 3416 1127 3474 Oestrire
1165 3417 1243 3491 cpud
1281 3418 1370 3485 Leek,
1409 3419 1457 3474 cni

410 3506 549 3562 successit
571 3505 650 3561 iilius
672 3523 742 3562 suus
771 3506 916 3563 Ruuulfm
939 3506 1043 3564 tertius
1069 3507 1107 3563 L·
1141 3506 1233 3562 snnis.
1280 3508 1345 3564 Hoc
1366 3507 1456 3564 etium

410 3611 488 3652 nnnc
503 3584 603 3653 obiit⁴
624 3596 837 3668 primogenitus
859 3595 958 3669 regin
982 3597 1018 3654 de
1040 3613 1097 3671 quo
1119 3596 1240 3669 quidam
1263 3597 1371 3654 occinit
1393 3587 1459 3665 sic,⁵

503 3744 607 3801 Omnis
629 3744 749 3801 honoris
771 3745 873 3813 henos,
896 3745 994 3814 decor,
1018 3750 1048 3802 ct
1070 3746 1158 3803 decus
1180 3745 1260 3803 urbis
1282 3750 1312 3803 et
1335 3746 1435 3813 orbis;

589 3833 709 3890 Militiae
732 3834 879 3908 splendor,
903 3835 1008 3908 glorie,
1032 3835 1142 3902 lumen,
1167 3855 1262 3908 upex;

501 3921 599 3978 Julius
621 3923 752 3994 ingenio,
775 3923 936 3980 virtutibus
958 3925 1080 3992 Hector,
1104 3925 1236 3982 Achilles

587 4012 719 4080 Viribus,
743 4013 896 4085 Augustus
919 4015 1057 4087 moribus,
1082 4033 1132 4072 ore
1155 4015 1245 4072 Puris.

453 4181 519 4237 Hoc
561 4198 640 4237 cuno
677 4185 794 4237 mortuo
831 4181 958 4237 Ricnrdo
997 4179 1202 4236 cantuariensi
1240 4182 1458 4256 archiepiscopo
1472 4178 1537 4228 Rem
1550 4175 1605 4229 Εἰθ-

408 4271 546 4326 successit
591 4270 787 4343 Buldcwynus
831 4269 1054 4345 Wygomicnsis
1099 4275 1170 4326 tunc
1215 4273 1375 4344 episcopus,
1422 4275 1458 4330 de
1471 4243 1612 4363 &⁸3ss

407 4379 550 4417 censensu
572 4360 651 4432 regis
674 4365 706 4416 et
727 4358 858 4416 omniurn
874 4360 1087 4433 cpiscoporum,
1110 4361 1335 4418 reclamantibus
1358 4367 1457 4420 tumen

436 4597 446 4632 ¹
469 4596 705 4664 Wcucccraffligd.
957 4611 1054 4660 quence
1072 4595 1146 4646 reads
1166 4601 1270 4646 ostem
1288 4595 1314 4647 iu
1332 4598 1375 4649 the
1397 4605 1458 4650 next

436 4701 520 4762 '‘M‘'
531 4699 611 4768 ³⁵⁸⁶·
955 4676 1162 4820 unpmm]
1183 4755 1234 4806 aee
1253 4754 1323 4823 urge
1353 4785 1366 4796 .

435 4805 503 4878 ωε]
523 4821 574 4858 om.
592 4805 682 4876 urge,
701 4807 752 4860 sne
770 4806 798 4858 u
816 4822 904 4861 conse
988 4833 1067 4906 iste]
1086 4849 1136 4887 om.
1147 4790 1241 4908 ffigp'
1325 4791 1331 4806 '
