3625 5784
615 904 885 958 unrcns'rssusrs
907 911 1118 962 cusomcou.
1154 925 1157 934 ·
1332 901 1395 965 211

346 1099 451 1158 ulium
474 1117 509 1156 ex
531 1101 663 1172 pluribus
696 1103 827 1175 epistolis
849 1109 880 1160 et
914 1106 1106 1162 decretelibus
1137 1105 1398 1163 constitutionibus

344 1195 501 1262 excerptos.
548 1192 608 1247 Iste
642 1209 757 1264 quoque
779 1211 855 1265 pepo
876 1212 929 1266 per
951 1194 1153 1266 imperatorem
1185 1196 1342 1269 aliquunde
1364 1197 1396 1252 iu

345 1279 416 1334 urbe
447 1280 587 1346 obsessus,
611 1282 769 1354 ridensque
801 1283 948 1339 Romanos
970 1285 1095 1356 peomne
1127 1284 1309 1358 imperatoris
1332 1304 1397 1342 cor-

345 1375 456 1440 ruptos¹
491 1370 603 1443 sucepit
635 1371 667 1426 in
705 1371 841 1428 menibus
879 1373 978 1445 cupite
1014 1375 1210 1446 apostolorum
1248 1375 1329 1430 Petri
1366 1378 1397 1430 et

344 1457 438 1522 Pauli,
463 1458 534 1514 iecit
567 1460 778 1532 processionem
812 1480 829 1516 u
862 1461 1052 1519 lastemnousi
1083 1465 1204 1520 ecclesis
1236 1482 1328 1536 usquo
1359 1463 1397 1518 ed

344 1546 494 1603 ecclesium
517 1550 611 1604 suncti
634 1550 735 1616 Petri3
761 1550 861 1622 sicque
883 1551 998 1608 animos
1020 1553 1218 1609 Romanorum
1240 1553 1396 1617 emollivit,

344 1635 422 1691 uude
444 1635 603 1710 imperator
625 1637 682 1692 sibi
705 1638 821 1705 timens,
847 1641 965 1711 longius
987 1641 1128 1698 discessit.

390 1725 555 1797 Stephanus
588 1726 807 1784 Osntuuriensis
840 1729 1073 1802 archiepiscopus
1105 1730 1189 1797 obiit,
1213 1733 1263 1804 qui
1298 1729 1396 1785 Biblin

345 1814 422 1887 opud
445 1815 590 1872 Perisium
612 1817 755 1889 quotevit,
779 1818 868 1872 libros
891 1818 1006 1890 Regum
1036 1821 1180 1892 exposuit,
1203 1821 1296 1876 vitem
1318 1818 1397 1890 regis

175 1905 259 1968 Twys.
272 1903 323 1957 col.
346 1903 466 1960 Ricordi
489 1905 620 1972 dictavit,
645 1907 794 1977 multoque
815 1905 873 1962 elie
896 1907 1050 1964 industrius
1073 1927 1133 1966 sues
1164 1927 1252 1980 opere
1273 1913 1396 1980 postem

172 1975 250 2023 noel.

345 1993 484 2065 reliquit;
509 1995 557 2048 cui
580 1995 718 2050 successit
741 2013 865 2066 mugnus
887 1997 1017 2052 ecclesiae
1039 1997 1255 2054 Linoolniensis
1270 1997 1396 2052 decenus

345 2084 485 2154 magister
518 2075 681 2142 Ricurdus.¹
726 2073 829 2142 ²0biit
861 2086 1027 2142 Willelmus
1060 2086 1249 2143 Alvernensis
1279 2086 1397 2157 egregie

346 2173 490 2240 literatus,
526 2173 578 2244 qui
615 2174 710 2246 primo
748 2174 806 2230 fuit
843 2175 1044 2241 cancellarius,
1083 2176 1189 2232 deinde
1222 2175 1396 2231 Perisisnsis

346 2263 504 2334 episeopus
550 2263 609 2318 Hic
631 2264 724 2319 multe
747 2263 875 2334 insignis
898 2262 1058 2320 literature
1080 2283 1142 2321 sun
1165 2283 1252 2337 opere
1264 2264 1395 2336 reliquit,

349 2351 492 2418 videlicet,
527 2352 572 2407 De
609 2353 806 2418 sacrementis,
846 2353 905 2409 Our
943 2355 1015 2414 deus
1051 2355 1147 2423 homo,
1192 2355 1236 2410 De
1273 2353 1331 2410 fide
1367 2358 1398 2409 et

345 2441 467 2512 legibus,
515 2441 557 2498 De
599 2442 733 2498 universo
769 2443 912 2514 corporali
944 2449 976 2498 et
1007 2443 1162 2515 spiritunli.
1216 2432 1398 2513 Gregorius³

346 2530 424 2602 cepit
446 2531 573 2586 decimes
596 2530 792 2588 ecclesiarum.
839 2530 1011 2588 Celebreute
1041 2533 1175 2604 episcopo
1199 2531 1397 2588 Loudoniensi

345 2619 393 2697 in
409 2621 531 2675 ecclesis
562 2620 656 2676 suncti
686 2620 772 2675 Psuli
805 2620 883 2676 secte
915 2625 959 2676 est
989 2625 1074 2676 tonte
1104 2620 1228 2676 nubium
1258 2619 1397 2687 densius,

345 2709 414 2763 solis
438 2709 598 2765 obscuritas
621 2727 687 2764 cnm
709 2709 841 2766 tonitruo
871 2714 902 2766 et
923 2710 1040 2780 fulgure
1061 2728 1096 2765 ec
1124 2711 1228 2765 soetore
1259 2708 1400 2765 intolero·

345 2796 408 2864 bili,
433 2799 466 2853 ut
488 2799 613 2870 populus
635 2799 737 2864 exiret,
761 2799 863 2856 relicto
886 2799 1022 2871 episcopo
1044 2816 1112 2854 oum
1134 2817 1186 2854 suo
1208 2797 1352 2854 ministro.

390 2886 456 2943 Hoc
494 2905 571 2942 anuo
615 2906 667 2944 rex
704 2887 850 2944 Henrieus
887 2886 1029 2944 concessit
1067 2886 1241 2959 Angligeuis
1289 2887 1399 2942 multus

346 2975 505 3042 libertates,
545 2977 597 3032 sed
635 2977 748 3048 occepit
784 2977 820 3032 eb
854 2976 896 3032 eis
934 2977 1066 3048 quintum
1104 2976 1247 3033 decimum
1284 2980 1399 3048 purtem

346 3064 489 3121 bonorum
523 3083 651 3132 suornm,
676 3071 710 3121 nt
741 3071 924 3138 recuperaret
956 3071 1052 3137 partes
1085 3065 1295 3122 trmsmuriuss
1328 3081 1400 3136 ques

347 3171 397 3210 rex
420 3154 551 3211 lreuciae
575 3161 766 3227 occupaverat
789 3160 919 3227 tempore
940 3155 1019 3226 regis
1051 3155 1207 3221 Johennis,
1231 3155 1310 3210 unde
1331 3171 1399 3209 cnm

347 3244 444 3299 solide
467 3262 556 3300 mauu
578 3244 802 3316 transnavigans
825 3261 929 3316 purum
952 3243 1083 3316 profecit.

392 3333 557 3390 Willelmus
573 3333 608 3390 de
624 3325 744 3390 Breus⁴
765 3334 934 3406 inculpatus
949 3351 1001 3405 pro
1016 3351 1105 3390 uxore
1120 3332 1243 3390 Iaewlini
1258 3332 1400 3405 principis

347 3422 463 3480 Wslliae
485 3422 690 3488 incarceretur,
714 3423 911 3495 suspenditur,
926 3423 1006 3478 unde
1027 3441 1136 3495 magns
1157 3422 1302 3479 discordie
1323 3422 1401 3478 inter

347 3529 447 3583 regern
480 3517 510 3568 et
542 3512 705 3570 Lewlinum
743 3518 806 3568 orte
844 3518 895 3568 est.
954 3512 1098 3568 Benulfrn
1135 3529 1232 3568 comes
1269 3511 1400 3578 Oestriae,

348 3600 517 3674 Lyneoluiae
548 3607 579 3657 et
615 3601 858 3674 Huntyngdoniae
897 3601 971 3657 obiit
1008 3601 1086 3673 opud
1123 3601 1333 3675 Wellynlorde‚
1372 3605 1403 3656 et

347 3692 478 3762 sepultus
509 3694 555 3748 est
584 3690 663 3762 opud
694 3690 836 3747 Gestriem
871 3690 903 3745 in
933 3689 1061 3762 capitulo
1092 3691 1300 3746 monachorum
1334 3705 1402 3746 cunr

349 3778 582 3851 progenitoribus
625 3779 694 3846 suis,
728 3779 776 3835 cui
807 3780 947 3836 successit
978 3780 1126 3836 Johsnnes
1159 3780 1291 3836 Scoticus
1324 3777 1403 3834 filius

349 3870 455 3925 sororis
495 3887 564 3926 suae.
619 3869 680 3924 Iste
717 3887 822 3941 nempe
856 3868 1002 3925 Benulfus
1035 3869 1098 3925 eine
1129 3868 1229 3926 liberis
1261 3868 1403 3925 &cedens

350 3963 473 4030 quotuor
494 3957 598 4014 hebuit
620 3975 740 4025 sorores,
764 3975 887 4030 querum
921 3958 1017 4015 senior
1038 3957 1163 4014 Mstilds
1184 3957 1286 4030 nupsit
1307 3955 1404 4012 David

350 4047 452 4102 comiti
483 4047 736 4120 Huutyngdonioe,
761 4049 810 4118 qni
843 4053 911 4119 post
940 4049 1034 4104 fectus
1065 4053 1111 4104 est
1143 4064 1195 4102 rex
1225 4046 1343 4110 Scotiae,
1367 4045 1403 4100 de

350 4135 455 4208 quibus
489 4137 628 4208 prooessit
665 4137 815 4193 Johonnes
860 4138 923 4192 iste.
970 4136 1105 4193 Secunde
1141 4135 1263 4191 Mobilis
1300 4132 1402 4205 nupsit

350 4225 452 4281 comiti
485 4225 522 4281 de
543 4226 696 4282 Aruudell.
743 4225 844 4281 Tertio
877 4225 981 4296 Agnes
1014 4224 1117 4296 nupsit
1152 4223 1254 4279 comiti
1276 4223 1402 4294 Derbyae

351 4313 500 4370 Willelmo
545 4315 581 4370 de
626 4314 761 4370 Fereriis.
808 4315 918 4384 Quarto
979 4313 1118 4384 stysie
1154 4311 1257 4384 nupsit
1301 4309 1402 4365 comiti

352 4403 558 4476 Wyntoniensi
574 4404 701 4460 Roberto
725 4403 837 4474 Quinci.
886 4404 949 4458 Rex
964 4403 1111 4458 Henrieus
1134 4400 1240 4456 stetnit
1260 4397 1404 4471 hospitele

388 4645 396 4676 ¹
412 4645 444 4694 de
459 4644 649 4696 Wetlireleved
660 4647 743 4697 sdded
754 4645 814 4696 bere
826 4644 852 4694 in
937 4643 949 4675 ⁸
963 4657 1046 4708 popo,
1056 4643 1115 4692 odd.
1128 4639 1206 4707 Higd.

353 4740 402 4776 oue
412 4724 470 4776 MS.
482 4723 598 4792 oiHigd.
939 4721 1081 4784 ⁴Brewss‚
1093 4719 1172 4788 sigo.

387 4803 398 4836 ²
417 4802 474 4854 Hoc
485 4803 559 4854 etium
571 4819 648 4864 anno,
660 4804 717 4854 edd.
731 4803 807 4870 llige.

1207 4896 1275 4960 02
