3625 5784
437 853 479 920 76
786 863 932 912 nnnu1c1
957 861 1139 911 KNIGHTON

436 1075 514 1116 auno
536 1073 644 1130 magna
665 1057 724 1114 fuit
745 1057 779 1112 in
800 1055 912 1128 Anglis
938 1055 1000 1112 lues
1031 1053 1214 1121 animalium,
1238 1059 1268 1111 et
1301 1053 1487 1128 intemperies

436 1149 521 1215 ueris,
545 1166 603 1220 qua
632 1148 731 1221 plures
764 1146 874 1202 mortui
905 1150 975 1201 sunt
1008 1143 1136 1200 febribus
1169 1149 1200 1200 et
1232 1145 1316 1201 lame.
1373 1147 1489 1202 Interea

437 1256 527 1294 vorax
548 1239 666 1295 flemma
700 1236 882 1308 consumpsit
912 1251 996 1306 paene
1028 1233 1205 1306 principales
1237 1233 1323 1290 urbes
1357 1233 1488 1306 Angliae,

437 1327 589 1384 ecclesiam
611 1326 705 1382 sancti
727 1326 813 1383 Pauli
835 1341 904 1382 cum
926 1341 1034 1396 magna
1056 1327 1139 1395 parte
1162 1323 1331 1380 Londcniae.

484 1417 549 1473 Hoc
579 1434 657 1472 enno
691 1416 768 1472 Deni
799 1415 953 1470 dominum
987 1429 1073 1468 suum
1108 1411 1254 1468 Ganntum
1293 1414 1325 1469 in
1363 1411 1489 1486 quadum

438 1505 561 1563 ecclesia
589 1505 767 1562 occiderunt.
813 1505 910 1560 Istum
944 1501 1126 1559 Willelmum
1161 1519 1260 1573 regem
1293 1503 1324 1558 in
1359 1507 1489 1559 extrenm

438 1597 509 1653 vites
532 1613 593 1652 sure
616 1613 693 1651 anno
715 1594 794 1666 apud
827 1593 1025 1663 Rotomagum
1058 1591 1250 1647 decubantem
1281 1611 1333 1648 rex
1356 1592 1488 1648 Francius

439 1685 543 1742 derisit
565 1686 597 1740 in
619 1685 698 1739 hunc
713 1683 841 1739 modum.
880 1682 899 1708 “
913 1682 975 1737 Rex
991 1680 1109 1752 Angliee
1125 1681 1290 1738 Willelmus
1309 1680 1389 1752 jacet
1403 1682 1489 1737 modo

440 1777 460 1802 “
483 1791 564 1830 mere
587 1774 763 1829 feminarum
793 1772 991 1828 absolutarum
1020 1769 1182 1839 enixurum,
1214 1771 1307 1826 otium
1337 1771 1488 1836 lovens;''

435 1863 551 1936 jocatus
573 1881 625 1934 per
645 1863 701 1918 hoc
723 1861 756 1916 iu
778 1859 842 1932 ejus
864 1859 976 1916 ventris
991 1859 1156 1931 grossitiem
1179 1878 1266 1932 quem
1286 1860 1403 1932 potione
1418 1864 1490 1915 tunc

439 1953 634 2010 alleviaverat.
679 1951 743 2022 Quo
773 1951 943 2022 perstrictus
975 1967 1025 2005 rex
1060 1948 1201 2014 convicio,
1236 1949 1396 2022 respondit,
1421 1950 1491 2004 “Et

440 2045 460 2070 “
484 2059 540 2114 ego
561 2059 630 2097 cum
652 2039 690 2096 sd
712 2040 830 2095 missum
852 2044 919 2111 post
941 2043 1058 2112 partum
1080 2055 1233 2105 accessero,
1258 2045 1375 2094 centum
1397 2037 1491 2094 millis

440 2134 460 2160 “
484 2131 672 2188 candelarum
693 2129 722 2185 ei
744 2129 870 2185 libabo.”
914 2129 977 2184 Nec
1007 2128 1135 2184 multum
1157 2133 1233 2201 post,
1250 2146 1347 2184 mense
1361 2127 1491 2200 Augusti

439 2219 555 2295 qnando
592 2225 705 2290 segetes
741 2222 826 2274 erant
862 2218 894 2272 in
933 2217 1021 2288 agris,
1060 2216 1136 2272 botri
1183 2218 1214 2272 iu
1260 2217 1363 2284 vineis,
1405 2235 1492 2290 poma

440 2311 473 2366 iu
512 2309 660 2366 viridariis
698 2307 848 2364 occiduam
885 2311 998 2379 purtem
1036 2305 1167 2362 Fruncice
1208 2306 1349 2374 incendit,
1390 2307 1488 2362 urbem

440 2399 609 2456 Medantem
651 2415 718 2454 cum
755 2397 877 2452 ecclesie
922 2396 1015 2452 beatae
1053 2395 1155 2452 Merise
1194 2395 1393 2468 couflngrsvit.
1454 2397 1491 2451 In

441 2507 500 2562 qua
536 2506 625 2544 unam
661 2487 814 2553 reclusam,
853 2501 918 2557 qum
957 2475 1015 2540 non
1053 2484 1170 2557 putevit
1207 2485 1239 2540 in
1277 2486 1330 2540 tali
1368 2487 1490 2542 necessi·

442 2585 503 2635 tete
524 2577 695 2641 cedendum,
719 2574 870 2642 ustnlnrit,
894 2592 929 2629 ex
953 2591 1010 2646 qua
1030 2575 1218 2630 calefactione
1235 2575 1399 2632 Willelmue
1414 2589 1482 2631 mor

441 2669 512 2726 bum
534 2665 725 2723 incurabilem
748 2663 882 2730 incurrit,
904 2664 953 2720 rel
976 2663 1046 2735 quie
1067 2664 1138 2719 dum
1161 2663 1276 2736 sonipes
1298 2663 1362 2736 ejus
1385 2666 1491 2720 fossam

444 2758 605 2814 transiliret
635 2755 786 2811 interanea
817 2753 937 2826 pinguis
968 2752 1079 2808 uentris
1116 2751 1178 2824 ejus
1216 2759 1286 2808 sunt
1319 2755 1490 2826 interrupta

445 2849 540 2904 Morte
563 2845 656 2918 igitur
678 2864 696 2902 e
717 2843 839 2900 medicis
861 2843 1007 2922 intimate,
1031 2843 1177 2913 delegarit
1195 2843 1408 2900 Ncrmenniam
1431 2845 1492 2916 pri·

442 2936 591 3009 mogenite
614 2953 667 2991 suo
690 2934 827 3000 lieberto,
850 2933 990 3004 Angliam
1014 2931 1163 2988 Willelmo
1186 2932 1274 2999 Ruso,
1298 2935 1491 3005 possessiones

442 3033 589 3083 maternus
611 3029 642 3081 et
663 3023 832 3079 thesaurum
855 3021 985 3077 Henrico
1012 3020 1135 3088 clerico;
1166 3021 1281 3078 vinctos
1304 3040 1370 3080 suos
1392 3042 1492 3079 omnes

443 3116 513 3172 lecit
535 3113 656 3178 absolvi,
680 3112 724 3167 hii
746 3113 865 3168 luerunt
886 3109 1008 3166 comites
1031 3109 1194 3181 Morgums,
1210 3115 1240 3166 et
1263 3113 1402 3182 chcrns,
1417 3111 1492 3168 Wil-

443 3209 532 3260 notus
554 3203 632 3257 lilius
654 3201 788 3266 Haraldi,
813 3199 876 3256 Ode
906 3200 997 3254 frater
1031 3217 1100 3255 suus
1131 3199 1283 3272 epiecopus
1317 3201 1491 3257 Baicccnsis.

445 3297 484 3349 Et
506 3293 548 3347 sic
569 3290 628 3362 xxj.
652 3307 729 3345 anuo
759 3289 842 3359 regni
865 3288 922 3355 sui,
945 3307 973 3342 x.
996 3306 1102 3356 mense,
1127 3289 1249 3344 ducatus
1272 3289 1317 3345 sni
1349 3309 1425 3346 enno
1449 3289 1492 3362 lij.
1507 3275 1573 3327 M)-
1590 3279 1661 3327 ¹⁰⁸⁷·

444 3383 514 3437 vitae
537 3398 597 3435 suae
621 3380 658 3433 lx.
682 3377 785 3449 gratim
815 3377 973 3432 millesimo
996 3391 1119 3434 uxxxvn.
1143 3383 1223 3434 sexte
1239 3378 1305 3434 idus
1328 3378 1494 3435 Decembris

444 3471 526 3528 obiit.
570 3469 608 3523 In
631 3467 806 3522 monasterio
829 3466 950 3522 cedomi
973 3467 1051 3538 quod
1073 3466 1135 3540 ipse
1161 3467 1333 3524 fundaverat
1355 3471 1493 3541 sepultus.

491 3557 550 3616 Ubi
581 3563 644 3613 eret
673 3555 772 3612 videre
806 3555 910 3610 mundi
943 3555 1101 3623 miseriem,
1134 3557 1212 3628 quod
1235 3562 1335 3612 tantus
1368 3559 1491 3632 Europae
1507 3550 1592 3612 TUS-
1605 3551 1652 3601 ⁰⁰¹·

445 3655 538 3706 terror
553 3652 583 3703 et
596 3647 699 3701 horror
718 3645 897 3717 sepulturam
921 3643 983 3699 sine
998 3645 1166 3718 calumpnia
1179 3645 1284 3702 hebere
1305 3665 1364 3703 nou
1387 3648 1492 3721 potuit.
1504 3621 1580 3670 ⁹³⁵⁴·

445 3741 523 3796 Nem
546 3736 588 3791 ibi
603 3735 688 3790 miles
704 3734 821 3805 quidem
838 3734 936 3805 palam
951 3733 1080 3789 inhibuit
1095 3735 1274 3806 sepulturam
1293 3735 1366 3802 fieri,
1383 3737 1492 3803 dicens,

446 3826 521 3883 illud
544 3825 639 3882 solum
670 3841 756 3879 suum
789 3840 850 3878 esse
879 3823 1081 3895 violenterque
1112 3825 1149 3879 ab
1181 3843 1214 3879 ec
1249 3825 1406 3894 subletum,
1439 3846 1494 3884 nec

446 3915 550 3973 debere
576 3913 742 3986 quempiam
772 3912 804 3966 in
837 3913 941 3984 rupino
972 3911 1095 3984 sepeliri.
1142 3913 1205 3982 Quo
1242 3914 1319 3970 circa
1348 3916 1494 3972 Henricus

446 4005 498 4079 qui
520 4005 599 4060 solus
621 4019 656 4058 ex
679 4001 748 4057 liliis
770 4000 829 4056 suis
852 4007 923 4056 tunc
946 4001 1047 4057 ederet
1073 4007 1191 4058 centum
1215 4002 1303 4059 libras
1335 4003 1380 4059 illi
1403 4005 1494 4063 militi

447 4095 537 4151 dedit.
582 4092 661 4148 Nem
684 4090 827 4147 liebertus
849 4091 1062 4163 primogenitus
1084 4096 1155 4148 tuno
1177 4091 1303 4165 patriam
1327 4093 1494 4164 debellavit,

446 4183 613 4240 Willslmus
634 4181 728 4237 Rufus
743 4179 883 4250 Angliam
898 4179 1098 4252 ncvigsveret‚
1123 4181 1174 4254 qni
1196 4187 1295 4238 tamen
1310 4182 1388 4254 epud
1403 4186 1495 4257 Wyn·

448 4273 560 4330 toniam
582 4271 675 4328 erutis
698 4269 841 4325 thesauris
863 4269 993 4342 paternis
1025 4270 1118 4325 multu
1150 4288 1202 4342 pro
1234 4273 1326 4342 putris
1357 4274 1497 4330 memorie

448 4366 627 4434 erogaverat.
693 4359 765 4414 Erat
801 4376 906 4430 nempe
946 4357 1109 4415 Willelmus
1147 4359 1203 4416 istc
1241 4368 1414 4433 conquestor
1451 4363 1498 4418 vir

449 4453 563 4524 sapiens
579 4450 629 4506 sed
651 4453 776 4514 astutus,
793 4448 921 4520 locuples
945 4447 996 4502 sed
1010 4447 1144 4520 cupidus,
1168 4449 1312 4520 gloriosus
1336 4452 1388 4507 sed
1410 4453 1498 4508 lamus

449 4541 575 4608 deditus,
589 4537 714 4594 effabilis
730 4537 777 4593 dei
799 4537 901 4604 serris,
919 4536 969 4592 sed
991 4536 1104 4608 rigidus
1120 4538 1147 4593 ei
1161 4539 1371 4596 resistentibus.
1410 4542 1499 4614 Apud

450 4648 556 4687 novam
580 4629 719 4683 forestem
742 4628 774 4681 in
807 4626 1024 4698 Hamptuneusi
1052 4627 1203 4698 provincis
1225 4627 1262 4684 ed
1295 4630 1423 4702 spatium
1446 4632 1498 4686 tri·

449 4720 535 4792 ginte
555 4717 717 4774 milliarum
739 4715 826 4771 villas
848 4721 879 4772 et
911 4715 1045 4772 ecclesias
1067 4717 1218 4774 eradicans
1251 4719 1326 4776 feres
1360 4719 1498 4779 instituit.
