3625 5784
622 938 892 991 nmcmrnnusls
914 938 1123 990 ossouroou.
1341 922 1404 993 271

353 1124 479 1196 Eodem
500 1152 589 1198 anno
609 1131 705 1198 venit
726 1130 1062 1217 prime1oommunis
1084 1131 1208 1199 scabies
1230 1132 1345 1198 ovium
1369 1131 1406 1196 in

183 1351 328 1405 cistrensis.
401 1342 514 1401 Deinde
536 1343 695 1401 Edwardus
717 1344 843 1401 secundo
865 1362 943 1401 anno
966 1345 1046 1416 leges
1068 1344 1168 1402 edidit.
1213 1344 1404 1403 Innocentius

186 1442 267 1509 Eigd.
278 1444 332 1497 viii.
356 1451 384 1491 v.
415 1440 481 1507 poet
515 1434 690 1506 Gregorium
712 1433 858 1490 decimum
884 1434 961 1491 sedit
994 1454 1069 1508 pepe
1100 1435 1247 1491 mensibus
1269 1454 1298 1491 v.
1344 1436 1403 1491 Hic

183 1514 310 1565 2to-262.
355 1523 437 1597 prius
459 1524 617 1581 vocabatur
638 1525 742 1580 Petrus
764 1524 952 1581 Tarentasius
975 1525 1011 1580 de
1038 1525 1139 1581 ordine
1161 1524 1401 1590 Praedicatorum,

183 1600 332 1667 Tfflwl·
355 1614 511 1685 theologias
544 1614 652 1670 doctor.
710 1613 765 1670 cui
796 1614 934 1671 successit
956 1614 1103 1669 Adrianus
1136 1632 1163 1670 v.
1191 1614 1338 1670 mensibus
1373 1612 1403 1684 ij.

183 1672 259 1721 Μ·
355 1704 406 1775 qni
428 1703 539 1758 dudum
561 1703 667 1759 misene
689 1702 747 1758 fuit
769 1702 802 1757 in
824 1702 966 1775 Angliam
988 1722 1006 1759 a
1028 1721 1103 1775 pepe
1126 1703 1277 1759 Clemente
1299 1710 1403 1775 quarto

354 1793 392 1847 ad
425 1793 585 1849 sedendum
616 1792 791 1850 discordium
824 1794 901 1864 regis
940 1796 970 1848 et
1006 1791 1156 1848 baronum.
1212 1793 1283 1848 Post
1316 1810 1402 1863 quem

354 1881 430 1937 sedit
467 1882 616 1937 Johennes
647 1880 705 1953 xxj.
738 1882 887 1937 mensibus
920 1880 983 1953 viij.
1023 1881 1074 1953 qni
1111 1880 1192 1954 prins
1226 1887 1270 1939 est
1308 1882 1404 1937 dictus

353 1970 468 2038 Petrus,
500 1971 532 2027 in
565 1970 654 2027 variis
676 1970 806 2027 scientiis
835 1972 972 2027 fumosus.
1019 1970 1077 2028 Sed
1098 1976 1253 2044 postquam
1280 1970 1403 2043 ndeptns

353 2066 398 2117 est
419 2060 543 2133 gradum
565 2059 757 2133 apostolicum
779 2061 852 2117 adeo
874 2060 1013 2132 desipuit,
1044 2066 1079 2116 ut
1108 2061 1236 2117 naturali
1259 2060 1404 2117 industria

353 2169 461 2221 magna
497 2169 533 2207 ex
565 2155 649 2223 parte
685 2167 783 2207 oerere
819 2149 991 2207 videretur:
1033 2155 1234 2207 verumtamen
1272 2150 1403 2207 literatos

353 2240 486 2295 homines
508 2241 661 2311 promovit
707 2240 766 2296 Hic
799 2258 867 2295 cum
901 2240 1008 2312 eaepius
1040 2257 1137 2295 coram
1172 2239 1274 2295 multis
1309 2240 1402 2297 vitem

354 2329 472 2401 longam
506 2330 562 2385 sibi
584 2318 793 2403 promitteret,2
816 2347 953 2385 corruens
985 2328 1081 2385 subito
1113 2328 1150 2385 de
1180 2348 1257 2385 nova
1288 2347 1402 2387 camma

353 2437 440 2491 qnam
462 2420 613 2492 Viterbyae
644 2424 820 2487 extruxerat,
851 2424 919 2491 post
952 2423 1066 2474 sextum
1099 2418 1177 2473 diem
1203 2420 1298 2475 ruinae
1321 2419 1401 2491 expi-

352 2510 436 2566 ravit.
482 2508 643 2565 Nicholnus
665 2507 708 2579 iij.
731 2513 798 2580 post
820 2507 986 2564 Johanuem
1009 2508 1085 2563 sedit
1111 2526 1187 2580 papa
1209 2508 1294 2564 annis
1317 2508 1400 2580 quasi

352 2596 395 2669 iij.
440 2599 505 2655 Hoc
539 2615 616 2653 anno
647 2597 717 2670 quia
739 2597 886 2653 Lewlinus
911 2596 1047 2670 princeps
1070 2596 1187 2653 Welliae
1222 2598 1260 2653 ad
1293 2597 1400 2669 parlia-

351 2693 485 2743 mentum
506 2688 586 2759 regis
608 2676 750 2757 Angliaei
771 2686 872 2745 venire
893 2688 1037 2755 noluerat,
1063 2704 1114 2742 rex
1145 2686 1221 2743 adiit
1242 2686 1398 2753 Walliam3

352 2766 510 2832 (iactuum⁴
531 2776 568 2833 de
590 2776 682 2849 Flynt
703 2776 739 2832 de
761 2795 838 2833 novo
860 2776 1005 2845 fundavit,
1030 2781 1158 2832 castrum
1181 2775 1217 2831 de
1251 2775 1400 2831 Ruthelan

350 2864 479 2922 firmavit
512 2858 593 2931 sibi‚⁶
615 2866 763 2922 Ieewlinns
786 2865 916 2921 subdidit
938 2883 968 2921 se
1003 2865 1077 2937 regi,
1101 2865 1197 2921 dando
1219 2884 1273 2937 pro
1303 2868 1399 2921 trans·

351 2956 497 3026 gressione
520 2955 539 3012 l.
563 2954 658 3011 millis
680 2955 839 3024 librarum
863 2959 894 3011 et
916 2972 969 3026 pro
1001 2954 1099 3010 insuia
1120 2954 1285 3028 Angieeeye
1318 2955 1401 3011 mille

350 3062 464 3101 marcas
485 3062 537 3117 per
559 3063 677 3101 annum.

395 3137 464 3202 Iste
487 3137 653 3202 Lewlinus
675 3137 783 3223 primo
804 3158 892 3203 anno
907 3134 1128 3203 coronationis
1143 3135 1229 3221 regis
1246 3135 1403 3201 Edwardi
1417 3154 1555 3219 Liewellyn

351 3241 452 3327 coepit
488 3240 711 3307 contradicere
737 3238 929 3326 homagium
959 3260 1056 3305 suum
1087 3242 1122 3303 et
1151 3259 1299 3303 annuum
1330 3239 1404 3304 red·
1418 3220 1566 3337 ffiffflis

350 3343 467 3421 ditum,
505 3344 550 3408 ad
594 3364 693 3428 quem
730 3339 895 3428 ipsemet⁶
932 3362 967 3407 ee
1012 3340 1219 3426 obligaverat
1256 3347 1404 3429 tempore
1418 3353 1564 3419 allegiance.

351 3445 490 3512 Henrici
505 3444 553 3529 iij.
568 3449 609 3510 ut
630 3451 709 3510 ante
724 3444 850 3510 dictum
874 3448 933 3520 est,
957 3447 991 3509 et
1014 3443 1050 3507 in
1065 3442 1294 3528 praejudicium
1316 3444 1403 3529 regis

349 3548 481 3634 Angliue
503 3546 611 3613 voluit
632 3569 666 3612 se
688 3544 867 3612 maritare⁷
889 3546 960 3611 sine
984 3545 1119 3613 licentia
1134 3546 1220 3633 regis
1236 3545 1402 3611 Edwardi.

351 3649 418 3715 Sed
433 3649 617 3714 Edwardus
632 3648 758 3714 virtute
779 3670 907 3735 guerrae
930 3648 1073 3714 secundo
1092 3669 1180 3713 enno
1203 3650 1311 3734 ipsum
1327 3670 1403 3715 con·
1416 3678 1456 3729 He
1467 3676 1489 3727 is
1501 3694 1540 3728 rs

351 3751 521 3828 fundebat,
543 3756 578 3817 et
599 3751 735 3816 tandem
757 3750 869 3836 posuit
892 3750 1002 3835 ipsum
1034 3750 1077 3816 ad
1104 3771 1226 3815 novam
1253 3746 1498 3837 redemp-duet
1511 3754 1538 3795 to

351 3854 485 3931 tionem,
508 3859 544 3919 et
573 3853 684 3940 ipsum
721 3852 803 3918 feeit
832 3852 979 3936 accipere
1003 3874 1140 3917 uxorem
1172 3852 1212 3918 de
1235 3852 1321 3919 dono
1344 3876 1403 3919 suo
1416 3812 1524 3928 :an

352 3978 440 4023 anno
461 3956 578 4045 gratiae
604 3970 807 4020 uccnxxvn.
866 3953 955 4020 Nam
992 3954 1134 4021 secundo
1159 3976 1246 4020 anno
1269 3977 1402 4021 eorona-
1415 3986 1481 4037 Μ),
1495 3990 1568 4039 127⁷.

351 4058 453 4123 tionis
490 4078 559 4123 suae
598 4078 657 4123 rex
702 4057 814 4122 tenuit
859 4056 1118 4142 parliamentum
1166 4078 1263 4120 suum
1313 4058 1403 4143 apud

352 4158 693 4237 westmonasterium,
714 4164 749 4223 et
770 4158 850 4223 fecit
871 4178 976 4221 unum
999 4161 1165 4223 statutum
1188 4178 1248 4243 pro
1271 4158 1402 4223 defectu

351 4262 493 4330 Lewiini
524 4282 584 4348 per
616 4282 824 4328 communem
858 4280 1028 4326 emensum
1052 4260 1224 4326 baronum.
1269 4259 1399 4327 Deinde

384 4554 395 4589 ²
411 4554 480 4607 Here
492 4568 526 4604 on
537 4553 599 4604 both
617 4551 731 4619 margine
750 4551 772 4603 is
786 4550 851 4603 Sce-
935 4536 946 4570 ⁴
962 4536 1029 4589 Herc
1041 4552 1074 4588 on
1085 4538 1149 4587 both
1157 4534 1297 4603 maginni·
1307 4538 1403 4590 secun.

350 4633 404 4685 ties
415 4632 650 4699 mmisprtma,
901 4617 1043 4682 dayucrra
1059 4616 1168 4667 wallia.

512 4737 519 4749 .
639 4735 645 4749 .
934 4694 1024 4762 esses]
1044 4694 1186 4759 animun

382 4738 394 4772 π
409 4742 600 4805 rmum
611 4736 690 4804 ffigd'
935 4773 946 4807 ⁸
962 4776 1071 4841 fimet,
1083 4777 1131 4838 A.;
1150 4775 1244 4841 ipsum,
1255 4774 1310 4827 MS.

382 4842 393 4878 ⁸
411 4840 528 4909 Aeque]
547 4840 575 4891 in
586 4839 716 4909 Angliffls
727 4837 805 4907 ffissd·
935 4853 947 4890 ⁷
963 4853 1092 4916 maritari,
1104 4854 1162 4905 MS.
