3625 5784
441 859 507 926 130
775 877 922 926 ueneror
945 876 1126 926 munros

441 1069 519 1128 ensis
540 1071 777 1144 archiepiscopus
799 1072 880 1143 obiit,
896 1073 946 1130 cui
968 1072 1107 1128 successit
1130 1072 1315 1130 Theohsldus
1338 1071 1492 1128 Beccensis

442 1160 537 1217 obbas.
584 1161 740 1218 Lotharius
772 1163 948 1220 Teutonicus
983 1162 1141 1236 imperator
1165 1162 1250 1234 obiit,
1272 1161 1321 1218 cui
1355 1162 1493 1218 successit

444 1247 594 1306 Oonrsdus
610 1251 669 1307 dux
684 1252 817 1309 Bavarire
833 1270 920 1325 super
935 1251 1111 1308 Teutonicos
1126 1256 1157 1307 et
1180 1251 1328 1308 Romanos
1343 1251 1491 1323 imperans

444 1357 490 1396 xv.
514 1340 608 1397 annis.
654 1343 693 1397 Et
715 1342 849 1414 quamvis
863 1341 1099 1398 benedictionem
1123 1359 1140 1396 e
1162 1358 1238 1414 papa
1252 1360 1313 1397 non
1336 1339 1491 1412 acceperit,

444 1447 530 1485 cruce
562 1437 660 1486 tamen
684 1432 817 1501 signatus
855 1437 986 1504 tempore
1018 1431 1145 1501 Eugenii
1180 1449 1263 1504 papae
1302 1430 1340 1486 ed
1362 1429 1493 1502 predica·

445 1518 556 1575 tionem
587 1520 731 1576 Bernardi
767 1521 892 1587 obbatis,
928 1520 960 1575 in
994 1525 1073 1576 terra
1111 1525 1212 1576 sancta
1250 1521 1344 1576 multa
1378 1525 1495 1576 strenue

445 1609 544 1678 gessit.
594 1609 637 1665 Eo
652 1614 784 1682 tempore
799 1610 899 1666 floruit
922 1610 988 1682 pius
1004 1627 1099 1666 comes
1115 1609 1285 1683 Campaniae
1301 1609 1494 1674 Theobaldus,

444 1715 585 1770 ponperes
607 1704 638 1754 et
660 1700 787 1771 leprosos
818 1699 868 1772 pie
900 1699 1033 1756 visitans.
1080 1698 1173 1768 Quem
1196 1698 1316 1772 quidem
1351 1697 1491 1756 metricus

444 1787 639 1859 hyperbolicis
661 1789 797 1845 laudibus
819 1789 928 1846 extulit
950 1789 993 1845 sio
1016 1789 1198 1846 defunctum.

530 1941 587 1996 Ille
609 1958 705 1997 comes
727 1958 823 1998 comes
845 1941 897 1997 ille
919 1939 986 2013 pius
1008 1941 1193 1998 Theobaldus
1217 1945 1292 2008 eret,
1317 1957 1405 2013 quem

579 2029 697 2086 Gaudet
718 2029 826 2087 habere
847 2032 944 2102 polus,
969 2035 1047 2088 terra
1070 2049 1167 2088 carere
1190 2031 1280 2087 dolet.

533 2118 602 2175 Non
623 2119 773 2176 hominem
795 2137 926 2192 possum,
949 2139 1010 2177 non
1033 2121 1127 2178 sudco
1150 2120 1247 2178 dicere
1269 2138 1405 2176 numen:

580 2210 659 2266 Mors
681 2210 786 2283 probet
807 2211 887 2266 huno
911 2209 1071 2276 hominem,
1094 2210 1157 2266 vita
1180 2211 1273 2266 luisse
1295 2211 1393 2276 deum,

533 2301 627 2357 trans
648 2300 807 2366 hominem,
831 2298 963 2372 citraque
986 2301 1084 2367 deum
1110 2301 1177 2373 plus
1199 2301 1266 2368 hoo,
1290 2301 1387 2355 minus
1410 2298 1473 2354 illo.

578 2388 685 2446 Nescio
707 2389 781 2461 quis.
826 2389 945 2446 Neuter.
993 2391 1076 2446 inter
1099 2395 1257 2462 utrumque
1280 2389 1346 2443 init.

488 2566 586 2625 David
615 2585 666 2622 rex
698 2566 809 2624 Soociae
839 2564 903 2638 jam
926 2567 1014 2622 tertio
1048 2563 1193 2638 Angliam
1216 2565 1309 2631 venit,
1333 2570 1363 2621 et
1384 2569 1493 2621 terram

444 2675 536 2729 usque
572 2657 682 2712 flumen
721 2645 835 2712 Th0se¹
858 2657 890 2710 iu
930 2655 1057 2712 confinio
1097 2656 1290 2712 Eboracensis
1335 2655 1493 2728 provinciae

443 2746 609 2812 cremando,
667 2746 816 2812 cedendo,
862 2745 999 2816 gravidas
1052 2746 1192 2802 findendo
1238 2745 1374 2800 vectavit.
1436 2745 1494 2800 Sed

443 2836 618 2891 Thumtinns
648 2835 883 2907 archiepiscopus
921 2853 988 2892 cum
1022 2837 1114 2908 regiis
1151 2834 1298 2891 militibus
1329 2851 1491 2899 occurrens,

443 2925 540 2997 ipsum
564 2925 689 2996 fugavit,
707 2924 811 2981 occisis
833 2943 862 2980 x.
884 2925 1017 2980 millibus
1032 2933 1062 2980 ct
1087 2925 1181 2996 spolie
1197 2925 1291 2979 multa
1318 2923 1487 2996 reportavit.

441 3015 505 3070 Rex
526 3019 625 3071 antem
649 3015 815 3087 Stephanus
838 3019 992 3086 postquem
1028 3019 1157 3068 castrum
1195 3015 1231 3069 de
1269 3013 1414 3069 Bedforde
1437 3013 1493 3069 sibi

441 3105 596 3161 adversum
628 3105 760 3176 cepisset,
797 3104 926 3161 Scotiam
958 3102 1078 3160 tendit:
1103 3103 1154 3159 ubi
1187 3103 1291 3176 paucis
1322 3103 1361 3159 ed
1389 3109 1491 3158 votum

441 3195 567 3265 percotis
589 3193 685 3249 rediit.
734 3193 793 3249 Sed
808 3193 840 3248 in
862 3193 1010 3249 redeundo
1033 3191 1237 3249 Alexandrum
1253 3192 1490 3249 Lincolniensem

441 3285 608 3355 episcopum
631 3282 805 3353 vinculavit,
829 3282 921 3337 donec
954 3287 1083 3338 omnum
1106 3301 1193 3338 suum
1218 3282 1253 3339 dc
1277 3281 1403 3338 Newarlr
1425 3279 1490 3352 regi

441 3371 575 3428 dedisset.
622 3371 778 3441 Nigellnm
810 3389 926 3444 quoque
949 3372 1121 3428 Heliensem
1146 3373 1316 3444 episcopum
1338 3371 1488 3442 effugavit.

440 3459 588 3532 Rogermn
628 3459 849 3516 Salisbirensem
888 3463 1057 3534 episcopum
1098 3462 1148 3532 qui
1185 3462 1281 3516 multa
1319 3461 1395 3516 hona
1432 3460 1489 3516 sihi

441 3551 549 3606 fecerat
570 3549 776 3616 incarceravit,
800 3550 893 3606 donec
916 3551 974 3605 duo
998 3551 1118 3607 castella
1133 3569 1186 3606 sna
1209 3551 1244 3606 de
1258 3541 1368 3607 Uiser²
1391 3555 1421 3606 et
1451 3550 1487 3608 de

440 3639 627 3712 Sohyrburne
659 3639 687 3692 ei
720 3639 856 3705 dedisset,
894 3640 973 3695 unde
1010 3645 1040 3696 et
1077 3641 1228 3713 episcopus
1266 3639 1317 3697 ille
1356 3641 1487 3712 Rogerus

439 3729 593 3785 domorum
625 3733 657 3783 et
679 3733 840 3784 metrorum
873 3729 1033 3784 edificator
1059 3729 1223 3802 praeoipuus
1244 3730 1339 3785 nimia
1365 3728 1487 3786 tristitie

438 3817 604 3874 infirmatus
636 3817 720 3884 obiit,
758 3816 911 3890 pecuniam
950 3817 1033 3890 qussi
1064 3820 1101 3874 xl.
1141 3817 1236 3873 millia
1258 3837 1421 3874 marcarum
1453 3818 1485 3874 in

439 3909 566 3964 castellis
589 3905 650 3962 suis
672 3912 739 3980 post
771 3925 801 3963 se
838 3908 1016 3980 relinquens,
1062 3926 1126 3979 quae
1159 3926 1220 3963 non
1253 3908 1285 3962 in
1308 3907 1355 3964 dei
1379 3907 1430 3964 sed
1452 3906 1485 3962 in

438 4016 525 4054 usum
560 3997 641 4070 regis
679 3996 774 4053 cessit.
820 3997 898 4052 Nam
932 4015 983 4053 rex
1022 3997 1073 4053 illo
1112 3997 1249 4054 thesauro
1282 3995 1484 4053 Constantiam

437 4105 564 4143 sororem
595 4086 674 4158 regis
712 4086 891 4142 Francorum
929 4087 990 4143 filio
1022 4105 1086 4162 suc
1106 4085 1263 4142 Eustachio
1297 4085 1484 4160 comparavit.

440 4176 616 4232 Thurstinus
654 4175 844 4232 Eboracensis
892 4175 1125 4248 archiepiscopus
1180 4177 1304 4231 eximius
1348 4177 1486 4232 fundator

438 4266 681 4322 monasteriorum
704 4265 950 4336 Hsgustsldensis
973 4271 1002 4320 et
1025 4265 1174 4331 Pontium,
1197 4265 1378 4338 aliorumque
1408 4270 1484 4332 octo,

438 4361 628 4427 susceptoque
650 4353 753 4409 habitu
786 4353 958 4410 monachico
982 4354 1060 4426 apud
1082 4355 1332 4411 Pontemfraotum
1355 4355 1387 4409 in
1409 4355 1486 4410 bons

435 4450 583 4501 senectute
606 4443 703 4511 obiit3
739 4441 822 4514 cujus
845 4461 950 4515 corpus
972 4448 1039 4516 post
1062 4444 1133 4499 duos
1156 4461 1248 4500 annos
1269 4449 1419 4517 repertum
1440 4447 1486 4498 est

434 4533 611 4590 odoriferum
656 4538 687 4589 et
733 4533 947 4605 incorruptum
1010 4533 1127 4589 Interes
1171 4552 1223 4590 rex
1268 4534 1346 4606 oepit
1390 4537 1486 4590 castra

464 4775 693 4842 mecaenas
948 4773 954 4842 ι
1018 4773 1224 4844 ’Visesfligo
