3625 5784
434 865 498 934 170
601 867 609 880 “
768 882 916 935 niumm
939 879 1123 933 nmosrou

433 1094 547 1136 vanam.
594 1079 669 1136 (lum
691 1078 784 1152 igitur
806 1078 949 1136 Ricardus
965 1071 1027 1137 xx.¹
1050 1097 1213 1136 marcarum
1236 1077 1333 1134 millia
1354 1096 1407 1152 pro
1422 1096 1483 1135 snoe

433 1167 643 1242 redemptionis
665 1170 782 1227 residuo
805 1169 873 1226 duci
894 1168 1025 1226 Austrioe
1048 1173 1250 1243 praeparasset,
1274 1167 1388 1226 obsideo
1411 1187 1484 1241 quos
1575 1173 1580 1181 '

434 1259 513 1332 apud
535 1277 603 1316 enm
627 1259 777 1316 dimiserat
808 1259 904 1316 subito
936 1264 1172 1332 comparuerunt,
1207 1259 1366 1316 referentes
1395 1259 1484 1314 illum

434 1353 594 1422 tyranuum
611 1349 706 1406 divini
725 1348 833 1421 judicii
856 1349 984 1422 pondero
999 1337 1206 1416 submersam,²
1228 1354 1395 1423 terramque
1420 1347 1485 1420 ejus

434 1445 503 1496 auto
526 1439 640 1496 obitum
664 1458 750 1496 suum
772 1438 934 1514 multiplici
956 1439 1072 1510 flagello
1095 1437 1239 1504 attritam,
1262 1439 1349 1496 urbes
1364 1443 1485 1512 repente

408 1577 422 1592 ,
434 1529 638 1601 conflagratus,
654 1529 823 1586 Danubium
840 1528 964 1585 fluvium
987 1547 1053 1585 oum
1069 1529 1165 1584 multa
1183 1527 1301 1600 jactura
1322 1529 1394 1586 fines
1417 1545 1485 1584 suos

436 1618 541 1686 exiere,
567 1619 679 1675 semina
714 1608 800 1675 eata³
827 1619 948 1685 aruisse,
972 1617 1066 1691 ipsum
1091 1636 1206 1691 quoque
1229 1618 1332 1676 ducem
1366 1625 1485 1693 propter

433 1709 512 1780 regia
551 1708 716 1782 captionem
751 1727 843 1781 nuper
881 1726 899 1764 a
930 1727 1006 1782 papo
1043 1707 1328 1765 excommunicatum
1353 1710 1485 1765 ferebant

433 1799 763 1855 excommunicationem
780 1798 922 1854 derisisse.
961 1797 1018 1868 Qui
1035 1797 1131 1854 denuo
1147 1797 1194 1854 die
1210 1789 1327 1855 sancti⁴
1343 1796 1485 1870 Stephani

433 1888 471 1943 ad
503 1905 620 1961 campos
643 1889 788 1960 equitans,
813 1887 855 1943 ita
877 1888 982 1961 pedem
1005 1888 1132 1954 attrivit,
1156 1893 1191 1943 ut
1213 1889 1287 1961 pcde
1309 1888 1422 1944 absciso
1452 1889 1485 1942 iu

434 1983 559 2034 mortem
591 1978 758 2050 desperatus
781 1995 878 2034 coram
916 1977 1107 2049 optimatibus
1142 1977 1203 2034 auis
1225 1977 1262 2033 ab
1284 1977 1484 2034 excommuni-

433 2067 557 2124 cationis
578 2066 696 2123 vinoulo
719 2071 832 2140 peteret
853 2068 973 2123 absolvi.
1012 2068 1195 2140 Responsum
1217 2072 1262 2124 eat
1284 2087 1302 2124 a
1324 2068 1412 2135 clerc,
1429 2067 1485 2122 hoo

434 2157 497 2214 fieri
535 2174 595 2214 non
632 2175 725 2230 posse,
761 2157 819 2214 nisi
857 2157 911 2213 sab
945 2155 1090 2229 juratoria
1127 2157 1263 2213 cautione
1298 2157 1377 2230 quod
1398 2174 1486 2228 super

435 2246 551 2319 injuriis
590 2248 653 2318 regi
695 2247 820 2303 Ricardo
866 2247 1003 2318 irrogatis
1037 2245 1151 2319 judicio
1196 2245 1327 2303 ecclesiae
1373 2250 1483 2314 staret;

435 2355 559 2411 moxque
582 2336 696 2392 obsides
719 2337 797 2409 regia
820 2336 985 2408 Anglornm
1008 2342 1075 2408 poet
1097 2336 1262 2409 praestitum
1282 2335 1484 2407 juramentum

436 2426 578 2484 liberavit
626 2427 738 2483 Deinde
775 2445 826 2482 rex
864 2426 1022 2482 correctior
1059 2426 1142 2481 vixit.
1189 2425 1308 2482 Accidit
1340 2431 1371 2482 et
1403 2425 1486 2482 aliud

436 2517 514 2588 quod
535 2535 635 2588 regem
658 2515 751 2572 movit
773 2517 811 2572 ad
834 2516 1051 2572 correctionem.
1101 2516 1158 2573 Vir
1179 2515 1300 2588 quidam
1323 2516 1483 2572 Cenoman-

436 2607 519 2662 nious
542 2607 580 2662 ad
612 2611 746 2662 sanctum
769 2605 912 2662 Jacobum
946 2606 995 2678 pia
1029 2605 1183 2661 devotione
1206 2606 1362 2677 proiectus,
1386 2623 1485 2678 sospes

435 2697 600 2764 remeavit;
624 2697 674 2769 qui
697 2696 883 2768 postmodum
897 2695 962 2768 pari
984 2695 1139 2752 devotione
1161 2695 1285 2767 ignitus,
1302 2700 1337 2751 ut
1351 2700 1486 2751 sanctum

436 2787 621 2859 sepulchrum
644 2775 779 2842 domiui⁶
800 2784 922 2853 rideret,
946 2783 1105 2856 processit;
1130 2785 1177 2840 cui
1200 2786 1298 2842 forsan
1322 2773 1487 2857 Solivago⁶

437 2875 558 2948 quidam
592 2875 718 2932 terribili
755 2877 840 2930 vultu
878 2875 1023 2947 apparuit.
1069 2874 1242 2930 Pavefactus
1271 2876 1359 2932 homo
1391 2875 1486 2932 crucia

435 2965 520 3036 signo
542 2985 573 3022 ae
595 2965 730 3021 munivit.
777 2965 832 3021 Illo
855 2971 954 3021 cutm
977 2970 1116 3037 tanquam
1132 2963 1315 3037 signaculum
1331 2964 1406 3021 illud
1421 2985 1484 3038 par·

435 3056 604 3128 vipcudens,
622 3057 640 3081 ‘¹
652 3055 875 3129 Nequaquam,”
899 3055 1006 3127 inquit,
1031 3057 1050 3080 ‘⁶
1061 3055 1118 3110 hoc
1139 3055 1226 3111 modo
1241 3060 1270 3111 te
1286 3055 1361 3110 tucri
1376 3055 1486 3129 poteris

437 3148 455 3174 ‘⁴
481 3147 552 3218 quin
574 3163 657 3202 meus
680 3144 730 3212 ais,
747 3163 832 3217 porro
848 3143 873 3200 si
888 3144 1041 3216 procidens
1063 3145 1230 3200 adoraveris
1254 3163 1312 3211 me,
1328 3143 1433 3200 faciam
1455 3131 1581 3200 toT'fl·
1594 3129 1644 3180 ⁰⁰¹·

437 3240 456 3264 ‘⁴
482 3235 684 3308 locupletem.”
732 3235 779 3290 Ad
802 3235 864 3290 haec
888 3233 986 3307 inquit
1007 3234 1095 3289 homo
1118 3234 1318 3300 i11e‚“M0do
1341 3235 1434 3307 liquet
1455 3201 1573 3290 tewo’

437 3329 454 3352 “
479 3325 540 3382 fore
556 3325 647 3397 partis
661 3324 798 3380 adversa.
846 3323 914 3380 Sint
928 3329 980 3378 tua
994 3323 1061 3389 tibi,
1077 3323 1152 3379 mihi
1167 3323 1274 3380 sufficit
1296 3324 1407 3380 christi
1429 3325 1484 3380 lar·

438 3417 457 3442 “
482 3415 568 3486 gitio,
585 3433 671 3486 quom
694 3414 789 3470 solum
812 3413 929 3469 odoro.'¹
977 3413 1032 3468 Oui
1055 3413 1126 3470 ille:
1152 3413 1305 3486 “Oportet
1327 3420 1356 3470 te
1372 3414 1419 3471 vel
1440 3414 1484 3470 in·

438 3508 457 3532 “
482 3506 577 3562 vitum
600 3521 707 3559 munus
729 3493 870 3575 aliquod⁷
893 3503 929 3558 de
951 3521 1017 3559 meo
1039 3503 1193 3570 habere;”
1223 3507 1254 3559 et
1276 3521 1343 3560 mox
1361 3501 1488 3574 jactavit

437 3613 523 3668 super
538 3599 627 3666 caput
648 3591 776 3648 hominis
799 3581 903 3676 qaasi⁸
926 3591 1049 3664 pallium
1071 3593 1169 3650 tenuis
1191 3593 1332 3659 materiae,
1348 3610 1406 3664 quo
1429 3593 1487 3650 cri·

436 3686 523 3742 nibus
545 3683 667 3749 adustis,
691 3682 767 3738 cutis
790 3681 893 3753 eapitis
917 3682 1072 3752 denigrata
1093 3684 1261 3754 permansit.
1306 3683 1403 3739 Homo
1429 3688 1488 3739 tre-

423 3775 523 3848 pidus
560 3779 693 3829 sanctum
739 3771 881 3827 Jacobum
928 3771 1107 3839 inclamavit,
1146 3772 1196 3845 qui
1235 3791 1302 3829 mox
1339 3773 1487 3841 assistens,

436 3865 598 3920 daemonem
621 3859 792 3934 increpavit,
816 3879 849 3916 ac
884 3862 949 3933 quis
980 3867 1064 3930 esset,
1100 3851 1196 3934 quid⁰
1226 3861 1338 3934 nogotii
1370 3861 1489 3918 haberet

437 3953 598 4026 inquisivit.
644 3951 700 4021 Qui
723 3951 896 4007 constrictus
920 3950 1053 4023 imperio,
1078 3953 1097 3978 “
1111 3952 1234 4007 Doemon
1257 3953 1353 4020 sum‚”
1377 3951 1485 4025 inquit,

438 4045 457 4070 ‘⁴
482 4045 609 4098 humano
632 4041 731 4112 gonteri
754 4041 883 4096 infestae
924 4041 987 4112 Ego
1011 4040 1192 4097 Christianos
1206 4059 1290 4113 reges
1306 4041 1337 4098 in
1353 4041 1488 4098 orientali

438 4135 457 4162 ‘⁶
481 4133 660 4206 profectione
675 4129 823 4202 impedivi.
869 4131 934 4201 ligo
949 4148 1047 4201 regem
1064 4131 1219 4186 Ricardum
1243 4149 1296 4203 per
1317 4132 1487 4188 ministrum

438 4227 458 4252 “
482 4241 579 4278 meum
611 4221 713 4276 ducem
736 4219 864 4275 Austriae
888 4220 1043 4292 captivari.
1100 4221 1163 4292 Ego
1193 4238 1294 4292 regem
1330 4221 1489 4277 Ricardum

473 4515 481 4550 ¹
497 4514 634 4583 pluraquam
648 4511 748 4578 opinati,
761 4510 838 4578 lligd.
1023 4507 1104 4560 'The
1126 4509 1202 4563 MSS.
1221 4512 1252 4562 of
1269 4511 1346 4581 Higd.
1360 4515 1426 4566 have
1443 4515 1490 4566 So·

471 4591 482 4630 ¹
498 4595 650 4656 aethaereum,
661 4593 740 4660 Higd.
989 4587 1078 4655 liauyo
1089 4591 1140 4640 uad
1153 4590 1281 4658 Sidmuqo.

472 4677 482 4710 ³
499 4673 571 4739 ento]
590 4676 692 4738 jactata,
706 4671 782 4736 llige.
1022 4667 1033 4704 7
1050 4685 1139 4720 murrata
1151 4669 1271 4738 aliquod]
1291 4670 1398 4737 aliquid.
1409 4675 1488 4742 Higd.

471 4757 481 4788 ⁴
498 4755 589 4811 ruricii,
601 4769 651 4804 om.
665 4749 745 4818 lligd.
966 4801 969 4819 Ι
1022 4747 1034 4777 ⁸
1051 4749 1139 4815 quusi]
1161 4767 1211 4801 om.
1223 4751 1301 4816 uigd.

471 4836 481 4868 ⁶
498 4833 606 4900 donnini]
627 4848 677 4884 om.
689 4829 766 4898 Higd.
966 4838 969 4879 t
1022 4828 1032 4862 ⁹
1049 4827 1123 4896 quid]
1143 4829 1243 4894 quidve,
1255 4829 1333 4898 Higu
