3625 5784
375 921 440 986 164
727 927 874 979 saamcr
900 925 1084 978 aarcsrou

376 1143 484 1199 gruum
521 1131 638 1197 tempus
674 1122 748 1180 erit:
783 1123 860 1197 quod
898 1125 923 1179 si
968 1124 1024 1179 hoc
1061 1121 1217 1179 consiliam
1264 1121 1429 1194 displiceat,

378 1215 528 1273 Romnum
565 1213 697 1287 pontifex
733 1214 909 1270 consulatur.
956 1213 1015 1270 Sed
1049 1211 1182 1285 quamvis
1215 1211 1252 1266 ad
1283 1211 1431 1267 modicum

379 1306 540 1381 quiesceret
574 1323 635 1372 rex,
667 1304 788 1360 molitus
811 1309 856 1360 est
877 1309 977 1359 tamen
1007 1320 1100 1374 regno
1122 1302 1242 1374 Angliae
1277 1306 1431 1357 cruentum

380 1395 541 1468 negotium.
588 1393 718 1468 Expetiit
735 1411 861 1467 namque
883 1412 934 1450 rex
952 1392 1083 1449 mancia
1106 1411 1158 1464 per
1179 1393 1291 1462 legatos
1312 1389 1432 1463 nuptias

379 1503 526 1558 germana
556 1485 635 1556 regia
658 1484 813 1552 Dacorum,
844 1502 877 1540 eo
900 1488 999 1539 tamen
1031 1487 1125 1555 pacto,
1149 1486 1183 1536 ut
1205 1481 1282 1537 dotis
1313 1481 1432 1537 nomine

380 1575 435 1632 sibi
459 1575 665 1632 comederetur
688 1574 763 1628 illud
783 1573 938 1645 antiquum
957 1571 1007 1644 jus
1030 1572 1108 1644 quod
1130 1571 1218 1627 Dacis
1251 1571 1283 1625 in
1305 1588 1431 1642 regnum

380 1665 546 1737 Anglorum
569 1665 606 1720 ab
629 1662 698 1720 olim
721 1663 912 1736 competebat,
936 1663 1025 1718 simul
1049 1680 1116 1717 cum
1138 1662 1229 1717 cheae
1252 1666 1282 1715 et
1304 1659 1432 1717 exercitu

382 1773 433 1828 per
455 1773 549 1810 unum
575 1771 685 1810 annum
708 1753 745 1810 ad
767 1754 822 1810 hoc
844 1753 1065 1825 assequendum.
1112 1751 1170 1807 Sed
1191 1757 1222 1806 et
1243 1751 1299 1806 hac
1332 1751 1431 1807 condi·

381 1844 462 1901 tione
499 1849 618 1918 propter
655 1843 856 1899 Wandalicam
894 1861 912 1898 a
942 1847 1026 1914 tergo
1059 1840 1275 1896 infestationem
1312 1845 1430 1911 negata,

382 1933 509 1990 traditur
540 1939 639 1989 tamen
670 1932 778 2005 nuptui
811 1933 910 2006 puella
940 1951 1008 1988 cum
1042 1951 1068 1986 x.
1100 1931 1231 1986 millibus
1267 1948 1431 1987 marcarum

382 2022 508 2095 argenti,
547 2040 634 2095 qnam
672 2027 770 2078 tamen
808 2029 874 2095 poet
923 2023 1026 2094 primae
1064 2022 1176 2093 copuler
1214 2024 1341 2087 noctem,
1380 2026 1432 2075 aut

382 2117 501 2187 propter
523 2112 648 2168 fetidum
682 2111 740 2168 oria
774 2112 909 2181 halitum,
931 2117 984 2167 aut
1019 2111 1087 2183 quia
1118 2129 1176 2166 non
1221 2111 1336 2166 invenit
1367 2129 1430 2166 eam

382 2203 528 2273 virginem
550 2220 601 2257 rex
622 2201 787 2274 repudiavit
810 2201 985 2257 indecenter.

427 2292 545 2348 Interea
578 2291 614 2346 ab
649 2293 790 2347 orientem
821 2302 941 2363 sumptu
972 2291 1125 2347 deficiente
1147 2309 1273 2364 regeque
1307 2290 1432 2347 Ricardo

384 2381 519 2454 nequiter
541 2380 696 2448 delimato,
721 2381 799 2454 qnod
832 2399 933 2452 regern
956 2380 1089 2438 Francia
1112 2380 1228 2437 insidiis
1262 2380 1430 2454 appetisset,

384 2469 462 2544 quod
495 2469 584 2528 etiam
615 2469 781 2527 Conradum
813 2471 1012 2527 marchionem
1046 2489 1098 2543 per
1119 2471 1280 2527 conductos
1313 2470 1432 2526 sicarios

383 2559 562 2634 peremisset,
586 2560 663 2634 quod
686 2577 753 2616 cum
786 2559 914 2617 Scldano
940 2560 976 2616 de
1007 2561 1171 2632 proditione
1195 2562 1291 2616 ¹'Perrae
1323 2565 1432 2616 sanctur

383 2643 600 2720 consuluisset,1
623 2655 710 2724 atque
732 2650 798 2707 ideo
819 2650 857 2706 ad
890 2650 1065 2724 capiendum
1087 2650 1189 2706 urbem
1220 2668 1332 2706 sacram
1355 2669 1432 2706 aece-

382 2740 451 2797 dere
484 2740 634 2808 noluisset,
670 2739 813 2796 Ricardus
845 2759 875 2796 se
898 2745 983 2813 parat
1005 2739 1043 2796 ad
1064 2740 1292 2813 repatriandum.
1337 2738 1434 2809 Major

383 2848 509 2905 namque
547 2847 615 2903 pora
653 2828 814 2886 Christiani
852 2830 995 2886 exercitus
1032 2830 1143 2897 morbo,
1176 2830 1285 2901 gladio,
1324 2829 1432 2895 inedia,

384 2921 573 2992 laborumque
604 2919 792 2975 intolerantia
814 2920 968 2992 absumpta
990 2921 1091 2976 luerat.
1138 2921 1175 2977 In
1198 2938 1256 2992 qna
1285 2937 1318 2974 rc
1341 2920 1433 2974 conai-

384 3010 511 3067 derenda
532 3015 578 3066 est
611 3009 737 3066 altitudo
761 3009 912 3082 sapientiae
944 3009 1064 3077 divina,
1088 3029 1153 3082 qnae
1187 3009 1222 3066 de
1245 3026 1363 3066 auorum
1385 3011 1432 3066 rel

385 3100 539 3172 temporali
569 3099 663 3156 salute
697 3100 745 3156 rel
779 3099 919 3156 felicitate
941 3100 1041 3156 minus
1074 3118 1175 3156 curere
1196 3100 1324 3166 ridetur,
1348 3101 1434 3156 dnm·

383 3191 471 3246 modo
516 3207 615 3247 eorum
660 3189 757 3246 clades
794 3189 831 3246 ud
869 3209 1003 3262 supernae
1042 3190 1171 3246 civitatis
1211 3190 1434 3264 completionem

385 3279 505 3353 proinde
543 3278 631 3335 saciat
668 3279 804 3335 derivari.
850 3279 977 3336 Proinde
1014 3279 1138 3335 fidenter
1175 3280 1308 3348 dixerim,
1356 3281 1434 3354 quod

385 3371 471 3442 longe
509 3369 622 3426 felicius
654 3367 713 3424 illis
745 3369 880 3440 contigit,
915 3371 965 3442 qui
998 3368 1042 3424 sio
1075 3369 1185 3425 ibidem
1222 3369 1433 3440 migraverunt,

385 3478 472 3532 quam
507 3459 568 3514 illis
600 3458 650 3530 qui
681 3459 875 3531 repatriantes
897 3459 935 3514 ad
968 3459 1066 3515 sordes
1089 3459 1228 3532 pristinae
1258 3465 1433 3517 remearunt.

386 3549 436 3606 Sic
458 3548 551 3621 igitur
574 3547 708 3605 christus
736 3567 787 3604 rer
817 3553 917 3604 noster
939 3549 1025 3604 malis
1057 3549 1209 3604 hominum
1232 3549 1305 3605 bone
1337 3556 1432 3615 utens,

385 3639 455 3694 dnm
478 3645 623 3695 terrenam
647 3655 728 3693 anam
752 3639 960 3711 lerosolymam
982 3644 1102 3711 proptor
1129 3644 1248 3710 peccata
1268 3639 1434 3695 inhabitan-

385 3729 461 3785 tium
483 3729 516 3783 in
547 3745 652 3783 manne
675 3727 799 3782 tradidit
832 3727 971 3794 hostium,
1005 3728 1130 3784 caelestis
1164 3728 1221 3783 sibi
1248 3729 1434 3802 Ierosolymae

384 3817 519 3874 uberiora
533 3817 613 3872 lucra
636 3817 782 3874 subtiliter
797 3816 991 3889 conquisivitz
1014 3817 1114 3890 itaque
1137 3822 1256 3890 propter
1269 3823 1435 3874 nostrornm

386 3908 532 3964 delectum
562 3912 592 3962 et
626 3905 750 3963 dedecus
773 3913 939 3980 temporum
971 3912 1086 3980 oportet
1118 3907 1269 3962 civitatem
1303 3913 1434 3963 sanctam

385 3995 550 4054 conculcari
582 4015 600 4052 a
634 3996 770 4068 gentibus
802 4014 893 4070 nsque
927 3997 964 4052 ad
997 4003 1113 4068 tempus
1147 3996 1224 4070 qnod
1256 3997 1334 4053 solua
1365 3997 1436 4053 dena

384 4087 486 4156 norit;
510 4105 581 4142 nam
612 4103 664 4141 sno
687 4091 816 4158 tempore
851 4086 1042 4158 proculdubio
1061 4085 1147 4157 juxta
1169 4104 1279 4142 morem
1306 4088 1435 4159 priscum

385 4179 474 4234 Terra
496 4182 598 4234 sancta
619 4175 820 4248 spurcissimos
843 4193 910 4231 suos
934 4182 1047 4232 cremet
1070 4176 1188 4243 incolas,
1212 4181 1242 4233 et
1264 4177 1361 4233 forsan
1384 4195 1436 4250 per

385 4255 599 4342 perniciorem²
621 4283 751 4330 manum,
768 4270 802 4320 ut
817 4265 912 4320 virtus
927 4265 1029 4321 divina
1044 4265 1076 4321 in
1091 4266 1147 4322 hoc
1161 4265 1305 4338 nogotio³
1325 4267 1435 4324 eluces-

385 4361 450 4426 cat;
474 4356 552 4414 unde
575 4353 651 4412 dixit
673 4353 791 4427 qnidam
807 4355 884 4426 apud
904 4355 1097 4424 Machaboeca,
1121 4359 1141 4382 ‘⁸
1155 4356 1253 4412 Facile
1268 4362 1313 4413 eat
1328 4357 1437 4414 multos

386 4450 405 4476 ‘¹
430 4445 565 4503 concludi
588 4447 620 4502 in
641 4463 747 4501 manus
777 4445 966 4516 paucorum.’'
1012 4445 1096 4516 Quod
1125 4446 1227 4519 utique
1258 4448 1437 4505 declaratum

385 4537 502 4612 quaudo
515 4553 592 4592 unus
615 4534 840 4609 persequebatur
855 4534 947 4602 mille,
971 4541 1001 4590 et
1023 4535 1081 4592 dno
1103 4535 1281 4608 fugaverunt
1295 4555 1323 4594 x.
1346 4537 1436 4595 milia

419 4809 427 4843 ¹
445 4803 624 4870 consuluisset]
644 4800 793 4862 collusiaaet¹
806 4800 883 4865 lligd.
903 4805 911 4884 Ι
966 4801 1101 4862 ⁸clariae‚
1115 4805 1173 4854 add.
1188 4803 1265 4872 Hiar.

418 4883 623 4957 2ρινηιόἰονιεωι]
645 4881 794 4948 parciorem,
803 4881 883 4950 Higd.
905 4887 913 4945 ².
