3625 5784
398 827 463 892 200
743 834 891 885 sermm
915 835 1100 884 urronron

399 1029 531 1115 pitandi
569 1050 669 1095 causa
704 1028 892 1094 declinaret.
940 1027 1083 1092 audivit
1113 1027 1268 1093 abbatem
1303 1025 1452 1110 ejusdem

401 1131 463 1196 loci
486 1130 659 1216 pulchram
681 1129 802 1195 habere
825 1150 966 1194 sororem
989 1129 1178 1214 priorissam
1193 1129 1365 1215 cujusdam
1388 1127 1452 1192 loci

402 1232 589 1318 propinqui,
611 1253 829 1317 accensusque
853 1253 895 1296 ex
910 1252 1001 1296 more
1015 1231 1163 1308 libidine,
1184 1231 1278 1295 misit
1292 1228 1453 1295 satellites

403 1355 480 1398 suos
503 1338 543 1398 ut
568 1355 641 1399 eam
680 1334 882 1400 adducerent
913 1333 956 1396 ad
990 1355 1032 1398 se.
1080 1332 1175 1412 Quod
1208 1353 1283 1396 cum
1306 1330 1454 1396 audisset

405 1435 507 1500 abbas
553 1433 658 1500 frater
714 1435 793 1520 ejus,
839 1435 946 1500 tristis
991 1434 1169 1499 admodum
1215 1434 1351 1499 effectus
1396 1436 1456 1506 est,

232 1563 369 1614 Hislicen·
408 1537 581 1623 noluitque
619 1560 640 1602 a
676 1536 834 1603 fratribus
872 1537 1129 1604 consolationem
1174 1537 1328 1623 accipere.
1391 1533 1453 1599 Oui

234 1630 317 1748 {223
408 1639 496 1704 dixit
510 1661 598 1704 unus
614 1637 815 1704 conversus¹
832 1661 912 1704 suus
934 1638 992 1724 qui
1015 1659 1128 1703 curam
1151 1639 1287 1725 gerebat
1309 1634 1457 1708 hospicii,

318 1733 324 1747 ’
407 1745 442 1805 et
464 1739 638 1803 familiaris
660 1745 695 1804 et
717 1744 816 1804 notus
850 1740 984 1804 domino
1005 1739 1085 1825 regi,
1119 1738 1322 1818 “Quidnam
1354 1737 1457 1802 habas

407 1848 424 1876 ‘¹
447 1846 571 1928 paterl
604 1840 672 1907 Gur
688 1842 811 1906 decidit
834 1842 950 1906 vultus
972 1846 1051 1907 tuus
1074 1848 1108 1907 et
1131 1842 1260 1908 tristior
1281 1840 1382 1906 solito
1406 1843 1458 1903 est

408 1950 424 1978 “
449 1942 549 2008 facies
572 1941 682 2007 tual''
730 1943 794 2008 Oui
817 1944 928 2024 abbae,
953 1942 1132 2008 “Sororem
1168 1943 1304 2020 habe0,''
1338 1941 1458 2027 inquit,

409 2051 426 2078 ‘¹
450 2066 559 2121 unam,
583 2066 736 2131 sponsam
760 2045 894 2124 Christi,
918 2067 1017 2130 quam
1042 2045 1153 2111 dilexi.
1187 2045 1348 2132 Proponit
1362 2041 1460 2109 cam²

407 2153 427 2180 “
451 2145 627 2232 deturpare
650 2147 735 2211 rex.”
782 2147 829 2211 At
843 2146 909 2226 ille,
933 2154 951 2185 “
964 2146 1101 2233 Ignosce
1123 2147 1207 2211 mihi
1223 2153 1326 2234 pater,
1342 2153 1377 2212 et
1398 2167 1458 2211 ora

409 2254 425 2282 “
449 2269 509 2333 pro
533 2269 584 2312 me
608 2252 643 2313 et
657 2247 805 2313 auferam
827 2247 933 2312 vitam
956 2248 1063 2333 iniqui
1086 2271 1107 2312 a
1129 2259 1226 2325 terra,
1249 2254 1284 2313 et
1306 2249 1459 2313 timorem

237 2371 351 2421 nmonk
409 2357 426 2384 ‘⁴
449 2350 554 2437 ipsius
577 2371 597 2415 a
619 2351 867 2416 conversatione
890 2350 1090 2415 hominum.''
1125 2350 1188 2416 Oui
1211 2349 1276 2428 ille,
1299 2349 1461 2415 “Vellem

238 2436 367 2567 ξοωρῗίῑξξζ
409 2461 429 2492 ‘⁴
451 2451 523 2518 haec
539 2451 679 2539 quidem,
694 2453 743 2517 fili
758 2454 814 2531 mi,
830 2475 897 2518 non
914 2459 1028 2517 tamen
1042 2452 1121 2518 licet
1136 2453 1171 2516 in
1186 2473 1360 2539 pomonam
1374 2453 1461 2538 regis

238 2569 300 2620 him.
410 2560 428 2590 ‘¹
453 2576 587 2620 manum
615 2554 819 2621 extendero.’'
867 2554 1029 2619 Processit
1060 2555 1173 2640 itaque
1196 2576 1383 2635 conversus,
1405 2551 1462 2619 et8

409 2656 490 2722 tulit
505 2657 578 2744 pira
588 2679 677 2723 nova
691 2657 812 2744 quibus
827 2657 936 2742 ipsum
951 2678 1062 2743 regem
1073 2655 1316 2744 libentervesci
1328 2657 1461 2735 sciebat,

409 2759 628 2845 opposuitque
651 2781 816 2824 venenum
840 2758 877 2822 in
899 2759 1040 2845 singulis
1054 2764 1176 2845 praeter
1198 2759 1273 2836 tria,
1297 2781 1372 2845 quae
1386 2781 1461 2824 cum

238 2873 292 2950 'rae
305 2873 389 2938 ling’s
410 2860 537 2924 caeteris
560 2861 703 2947 reposita
726 2861 850 2946 optime
873 2860 1062 2926 denotabat.
1107 2859 1261 2946 Denique
1283 2859 1381 2925 cum⁴
1402 2881 1463 2925 rex

239 2941 380 3058 aptabu-
410 2961 538 3026 sederet
561 2962 597 3025 in
620 2983 733 3026 mensa
756 2968 790 3027 ct
813 2962 1085 3028 confabularetur
1106 2984 1182 3028 cum
1204 2963 1274 3027 suis
1298 2962 1463 3028 militibus

410 3063 468 3148 qui
506 3063 698 3142 assiderent,
736 3069 870 3150 accepto
910 3085 978 3129 uno
1016 3085 1112 3150 pane,
1150 3086 1218 3130 non
1250 3065 1385 3151 quidem
1424 3071 1465 3131 ut

410 3165 606 3231 dominicam
630 3187 758 3232 coenam
781 3166 914 3244 faceret,
938 3165 996 3230 sed
1028 3170 1067 3230 ut
1097 3166 1134 3231 in
1164 3166 1342 3252 perniciem
1369 3189 1463 3231 suam

410 3264 600 3350 loqueretur
631 3273 666 3333 ct
703 3271 852 3344 mortem,
892 3267 1048 3352 quaesivit
1085 3289 1107 3333 a
1140 3268 1310 3345 ministris,
1345 3270 1463 3354 quanti

410 3368 513 3452 precii
535 3371 620 3433 esset
643 3369 737 3454 panis
760 3368 816 3433 ille
839 3369 869 3432 si
891 3369 1078 3434 venditioni
1093 3369 1288 3436 traderetur.
1333 3371 1382 3435 At
1404 3371 1463 3447 illi,

412 3477 429 3502 “
454 3468 636 3547 Valeret,''⁶
650 3470 816 3555 inquiunt,
833 3477 849 3505 ‘¹
863 3471 1022 3536 obolum.’'
1046 3471 1092 3536 Et
1107 3471 1171 3550 ille,
1189 3480 1205 3506 “
1217 3470 1328 3551 Vera,''
1343 3471 1463 3558 inquit,

414 3576 430 3604 ¹⁶
454 3569 610 3636 fertilitas
633 3571 699 3636 ista
720 3571 870 3636 maxima
900 3571 980 3637 fecit
999 3573 1071 3657 jam
1093 3573 1232 3638 barones
1248 3580 1283 3638 et
1305 3574 1463 3660 populum

243 3684 345 3736 Altera
415 3679 433 3707 ‘¹
456 3692 566 3736 meum
590 3673 758 3759 insurgere
781 3673 818 3736 in
840 3695 900 3738 me.
939 3671 1040 3739 Nunc
1062 3679 1174 3739 autem
1198 3675 1226 3739 si
1248 3697 1308 3762 per
1337 3696 1464 3741 anuum

242 3751 402 3868 ffl'hffl
416 3777 433 3806 ‘⁸
456 3773 623 3860 integrum
647 3775 782 3839 comites
816 3773 900 3839 mihi
922 3774 1050 3839 fuerint
1073 3775 1146 3841 vita
1167 3780 1202 3840 et
1224 3776 1321 3853 salus,
1344 3775 1463 3842 faciam

243 3884 375 3950 enormity.
416 3883 433 3910 ‘¹
457 3877 544 3940 tanti
567 3897 685 3962 panem
709 3875 865 3962 ponderis
881 3876 941 3962 xij.
957 3876 1070 3942 obolos
1085 3875 1223 3944 valera'’
1268 3877 1314 3943 Et
1329 3878 1465 3943 scanda-

413 3977 506 4044 lizati
527 3983 607 4043 sunt
629 3978 773 4043 ministri
796 3979 867 4063 ejus
882 3977 920 4042 in
946 3979 1047 4044 verbo
1071 3979 1144 4057 ist-o,
1160 3986 1194 4045 et
1217 3981 1466 4047 retrocedebant

418 4080 556 4165 quidam
579 4101 700 4146 eorum.
748 4079 934 4166 Oonjurant
964 4079 1100 4146 omnes⁶
1122 4078 1219 4146 cum⁷
1242 4103 1399 4148 converso
1429 4082 1465 4146 in

448 4406 454 4439 ¹
474 4421 619 4467 macareus,
631 4407 665 4456 A.
677 4426 684 4466 ς
702 4405 912 4462 conventualis.
999 4404 1010 4436 ⁵
1034 4403 1147 4470 valeret]
1159 4404 1225 4454 from
1233 4405 1276 4466 Aa
1294 4407 1467 4470 Valuretdffl

448 4486 459 4518 ²
477 4485 544 4551 eum]
559 4487 640 4535 abore
652 4483 696 4534 the
708 4484 759 4534 line
770 4483 796 4533 in
807 4485 840 4534 Λ.
1001 4483 1012 4516 ⁸
1028 4483 1121 4548 omna]
1142 4486 1224 4533 above
1236 4484 1279 4534 tho
1291 4485 1342 4535 linc
1352 4485 1379 4534 in
1392 4486 1427 4535 A.

448 4565 459 4600 ³
476 4565 511 4630 et]
525 4567 589 4616 from
598 4566 631 4615 A.
642 4586 648 4625 t
667 4580 717 4615 our.
728 4564 784 4615 MS.
998 4563 1009 4600 ⁷
1025 4565 1090 4630 eun]
1105 4563 1171 4614 from
1182 4564 1233 4625 A.;
1249 4579 1299 4613 om.
1311 4564 1369 4616 MS.

444 4644 540 4708 4οιιηι]
563 4642 665 4694 written
688 4645 768 4693 above
791 4643 834 4692 the
862 4643 913 4692 linc

410 4719 436 4771 in
451 4723 483 4771 A.
