3625 5784
451 908 517 973 290
788 919 934 966 sanarer
958 917 1140 965 uuiusrou

453 1133 560 1197 regem
598 1108 753 1184 Francia,
786 1109 873 1173 sicut
896 1107 985 1172 infra
1007 1106 1143 1193 patebit,
1168 1114 1202 1171 et
1234 1128 1294 1170 rex
1329 1127 1404 1170 curn
1439 1104 1506 1169 illis

283 1226 387 1276 stant
452 1212 717 1277 festinaviteum
741 1232 861 1294 magua
883 1210 1041 1294 potentia.
1089 1208 1133 1272 Et
1153 1207 1280 1273 comes¹
1301 1206 1507 1272 Lincolnien-

284 1292 429 1409 ᾗξξθέἵῗξξξ
452 1314 497 1377 sis
536 1312 708 1377 festinavit
746 1334 780 1375 se
819 1316 897 1375 ante
936 1332 1044 1395 regem
1077 1310 1117 1373 ad
1155 1322 1298 1375 castrum
1333 1330 1430 1373 suum
1465 1309 1506 1373 de

283 1425 376 1501 earlot
454 1412 655 1500 Kynebeth‘2
678 1413 720 1482 ad
744 1412 942 1477 salvandam
967 1411 1138 1476 castellum
1155 1432 1262 1487 suum,
1286 1411 1343 1476 sed
1360 1411 1504 1475 Wallen-

285 1492 399 1542 ¹¹¹⁰⁰⁰¹¹¹'
452 1538 503 1581 ses
535 1537 604 1580 suae
634 1521 749 1600 gentes
780 1513 921 1598 propriae
944 1512 1166 1577 obviaverunt
1190 1513 1229 1589 ei,
1253 1521 1287 1576 et
1311 1512 1431 1576 multos
1464 1512 1505 1575 de

453 1618 520 1683 suis
546 1618 625 1681 viris
659 1616 849 1681 occiderunt
872 1621 907 1680 et
930 1615 1065 1679 tandem
1090 1616 1243 1679 vicerunt
1265 1615 1359 1680 etin
1392 1613 1504 1700 fugam

452 1720 595 1804 reliquos
610 1717 848 1802 compulerunt
896 1716 969 1780 Rex
986 1735 1058 1780 eum
1083 1717 1197 1802 paucis
1219 1718 1375 1803 gentibus
1398 1723 1506 1782 traus-

452 1820 517 1883 ivit
548 1840 668 1904 aquam
703 1818 743 1883 de
767 1820 934 1902 Coneway
958 1824 993 1882 et
1015 1816 1085 1881 fuit
1117 1818 1152 1881 in
1175 1818 1309 1883 castello
1344 1840 1412 1895 suo,
1446 1818 1504 1883 sed

453 1927 587 2006 propter
621 1920 727 1984 undas
761 1921 861 1984 maris
885 1920 1051 1984 exercitus
1074 1918 1145 2001 ejus
1168 1940 1235 1983 non
1268 1921 1379 2005 potuit
1413 1920 1504 1985 festi-

453 2029 574 2088 nanter
605 2024 697 2107 sequi
728 2044 804 2086 eum
828 2028 862 2085 ot
885 2021 1113 2105 impediuntur
1136 2022 1183 2085 sic
1206 2021 1295 2107 quod
1331 2044 1397 2086 non
1430 2043 1504 2107 pos-

454 2132 528 2189 sent
566 2124 679 2187 venire
717 2124 759 2187 ad
798 2145 883 2187 eum.
939 2122 1121 2187 Wallenses
1153 2129 1310 2187 eventum
1346 2124 1505 2201 videntcS,

284 2240 416 2318 making
455 2226 649 2290 obsiderunt
684 2246 792 2309 regem
820 2225 856 2287 in
879 2230 988 2289 castro
1012 2246 1079 2299 sue,
1103 2230 1136 2288 et
1159 2245 1331 2309 nunquam
1364 2226 1399 2289 in
1435 2232 1506 2291 tota

282 2308 435 2439 33:³23),
456 2328 528 2391 vita
550 2349 610 2391 sua
625 2328 733 2390 fuerat
757 2327 792 2389 in
815 2332 911 2389 tanta
928 2324 1095 2409 egestate³
1112 2327 1191 2410 quia
1213 2349 1280 2391 non
1303 2326 1422 2393 habuit
1441 2329 1506 2392 nisi

283 2442 369 2491 mele.
455 2450 575 2514 aquam
609 2450 684 2493 cum
719 2427 815 2492 melle
840 2428 990 2492 rnixtarn.
1037 2428 1124 2491 Nam
1152 2430 1330 2493 ll'allenses
1353 2438 1507 2516 ceperant

455 2533 566 2597 omnia
600 2530 760 2596 victualia
794 2529 866 2613 ejus
899 2536 934 2593 et
968 2531 1156 2595 occiderant
1187 2538 1302 2617 gentes
1336 2532 1415 2615 ejus.
1462 2533 1506 2599 Et

455 2655 514 2697 rex
537 2632 657 2697 habuit
679 2654 821 2717 paucum
846 2633 886 2696 de
910 2632 990 2697 vino
1013 2634 1106 2718 quasi
1130 2633 1190 2696 vix
1221 2654 1322 2697 unum
1346 2633 1505 2719 lagenam,

455 2745 489 2799 et
511 2736 590 2799 feeit
613 2734 750 2798 miseere
774 2733 809 2797 in
831 2755 919 2819 aqua
943 2740 977 2797 et
999 2735 1076 2798 dare
1100 2734 1253 2798 omnibus
1277 2736 1334 2820 qui
1358 2758 1430 2801 curn
1449 2736 1506 2799 illo

454 2838 599 2911 iuemmt,
617 2841 651 2900 et
668 2836 763 2909 dixit,
788 2843 807 2871 “
819 2836 860 2899 In
877 2836 1071 2900 necessitate
1088 2837 1199 2901 omnia
1215 2858 1283 2901 esse
1307 2839 1504 2913 eommunia,

284 2948 377 2998 sntsa
456 2946 474 2974 “
497 2946 532 3003 et
547 2960 660 3001 omnes
682 2936 878 3001 habebimus
901 2958 1003 3001 unam
1020 2937 1154 3001 diaetam
1171 2936 1273 3002 donec
1292 2940 1371 3003 deus
1388 2939 1505 3004 melius

282 3014 442 3130 aessffiff
457 3050 474 3075 “
496 3040 592 3105 nobis
622 3039 817 3104 succurrat.”
864 3038 942 3103 Post
966 3038 1036 3102 haec
1060 3038 1153 3102 venit
1175 3040 1340 3105 exereitus
1364 3041 1435 3127 ejus
1471 3048 1506 3107 ct

284 3148 402 3210 Maced,
456 3141 637 3206 Wallenscs
660 3142 696 3203 in
719 3146 852 3203 tantum
876 3140 1103 3225 fatigaverunt
1126 3152 1160 3203 ct
1183 3140 1384 3226 fugaverunt
1418 3146 1506 3229 quod

454 3266 488 3307 se
512 3241 657 3328 plenarie
673 3241 888 3305 reddiderunt
902 3242 945 3305 ad
961 3242 1101 3326 gratiam
1126 3242 1211 3327 regis
1235 3242 1398 3309 Edwardi.
1436 3246 1507 3311 Ma-

454 3344 554 3408 doeus
588 3348 738 3425 receptus
773 3341 838 3405 fuit
860 3341 904 3406 ad
927 3364 1048 3426 pacem,
1072 3344 1118 3409 sic
1141 3349 1254 3408 tamen
1277 3345 1366 3430 quod
1398 3368 1507 3432 perse-

453 3451 610 3531 queretur
648 3444 844 3529 Morganum
882 3455 918 3507 et
955 3450 1094 3529 caperet,
1127 3450 1161 3509 et
1192 3446 1238 3510 sio
1272 3450 1393 3525 evenit,
1428 3472 1506 3515 nam

454 3553 571 3629 eaptus
606 3545 671 3608 fuit
693 3552 727 3609 ct
760 3544 879 3609 ductus
913 3544 1100 3608 Londonias
1138 3554 1172 3610 et
1204 3548 1384 3615 decollatus
1400 3575 1407 3630 ;
1438 3561 1506 3616 sla·

363 3663 369 3675 '
455 3650 581 3733 timque
615 3668 674 3710 rex
706 3649 794 3733 cepit
825 3636 1003 3732 hostiagios
1036 3648 1075 3711 de
1108 3650 1259 3715 omnibus
1294 3655 1505 3739 magnatibus

402 3766 408 3778 ·
458 3749 594 3824 Walliae,
625 3754 660 3812 et
690 3747 828 3812 fuerunt
852 3750 943 3811 missi
967 3750 1001 3811 in
1026 3748 1172 3814 diversas
1195 3760 1305 3835 pa1tes
1337 3755 1439 3841 regni,
1471 3764 1505 3820 et

454 3853 500 3916 sic
521 3850 634 3913 finivit
656 3872 773 3935 guerra
796 3850 933 3925 Walliae,
956 3858 991 3915 et
1012 3873 1080 3936 pax
1103 3854 1274 3919 succrevit.

1516 2008 1600 2071 Taya.
1613 2007 1663 2055 col.

1517 2078 1591 2123 2472.

499 3957 670 4017 Bonefaeius
715 3960 777 4031 viij.
819 3967 885 4032 post
924 3960 1102 4017 Gelestinnm
1140 3964 1275 4033 quintum
1314 3968 1389 4022 sedit
1428 3986 1503 4040 papa
1516 3962 1663 4023 ὓῑῦῑῑθῡῦὶθ,

452 4053 537 4107 annis
566 4050 604 4121 xj.
653 4050 711 4105 Hic
733 4050 920 4121 pontificatus
955 4050 1000 4105 sni
1032 4069 1109 4107 anno
1143 4052 1247 4123 quinto
1281 4056 1332 4126 qui
1367 4058 1502 4113 Jubilous

1515 4029 1675 4081 meam.

452 4148 516 4195 emt
552 4138 654 4194 uberes
691 4138 890 4208 indulgentias
928 4139 1031 4195 limina
1068 4140 1274 4211 Apostolorum
1315 4144 1501 4203 visitantibus
1515 4121 1657 4186 nissd·'iii·

453 4228 604 4293 corrosaeit,
628 4233 742 4283 sextum
774 4228 883 4281 librum
906 4228 1101 4284 Decretalinm
1125 4230 1227 4297 edidit,
1266 4232 1295 4287 in
1328 4252 1386 4306 quo
1410 4238 1502 4293 multa

452 4319 541 4373 dubia
563 4317 681 4381 decidit,
704 4317 862 4371 nonnullas
884 4324 1105 4389 extravagantes
1120 4322 1343 4379 constitutiones
1367 4326 1501 4393 Honorii,

467 4448 499 4455 ,ο
518 4450 523 4454 .
810 4446 941 4453 ------—.
956 4448 1095 4456 ——..
1391 4456 1398 4461 ⁴
1489 4458 1501 4463 -

485 4510 492 4540 ¹
514 4510 633 4567 Comma,
644 4506 701 4556 MS.
978 4551 980 4580 ἰ
1004 4514 1043 4573 (p.
1066 4512 1126 4573 14⁴)
1147 4528 1163 4561 a
1180 4513 1282 4563 vanous
1301 4515 1407 4581 reading
1428 4516 1504 4580 Dyn-

482 4586 564 4635 ‘²The
583 4602 657 4634 name
681 4586 758 4649 giren
777 4585 802 4633 iu
826 4584 952 4653 lt'alsing·
1002 4586 1082 4651 typhe
1111 4589 1132 4639 is
1161 4590 1313 4643 mentioned.
1364 4592 1503 4655 Kenebellr,

450 4666 509 4714 ham
535 4665 565 4726 (i.
589 4668 635 4725 ⁴8)
659 4664 726 4713 from
756 4664 901 4728 Rishangcr
931 4664 951 4714 is
1003 4666 1075 4725 Ms.;
1093 4666 1238 4731 Kyneteia.
1251 4672 1284 4721 A.

451 4743 574 4807 Diuety3
592 4744 715 4808 probably
732 4742 853 4807 Dentiplr
874 4743 895 4791 is
913 4744 951 4792 in·
978 4763 980 4810 ξ
1034 4744 1176 4796 ³llcreon
1195 4748 1257 4798 both
1275 4750 1387 4815 margins
1408 4754 1428 4803 is
1444 4752 1503 4803 Iler

449 4824 550 4882 tendcd,
560 4822 601 4872 lor
613 4824 668 4871 ina
684 4828 745 4871 note
762 4829 789 4871 lo
807 4820 951 4885 Rishangcr
1002 4823 1025 4870 r'u
1045 4822 1140 4873 Wallia
1153 4826 1180 4877 ia
1193 4842 1286 4891 maqna
1300 4834 1418 4893 apostole.

1515 4194 1640 4239 aaa-286.
