3625 5784
178 2560 324 2624 cistrensis,

178 2643 232 2692 cup.
244 2632 285 2679 ³³.

181 3639 261 3705 Higd.
273 3639 327 3691 viil.

182 3709 305 3758 let-les.

612 835 881 888 uuromrnunsre
903 835 1116 886 cmonreon
1329 822 1394 886 1⁸3

343 1035 494 1094 benedixit
515 1035 627 1093 iontem
649 1036 686 1091 de
709 1033 766 1108 Wy
786 1033 872 1107 juxto
894 1033 1094 1101 cantuariam,
1117 1035 1154 1090 de
1177 1051 1237 1108 quo
1260 1038 1395 1107 potentes

344 1131 516 1200 receperunt
547 1125 723 1198 sospitatem.
758 1125 836 1182 Num
871 1129 901 1180 et
934 1124 1040 1180 mulier
1073 1124 1252 1180 demoniaco
1284 1123 1393 1180 ibidem

344 1216 446 1273 bibens
469 1215 600 1272 evomuit
622 1215 694 1270 duos
717 1213 817 1285 nigros
839 1214 970 1279 bufones,
994 1214 1046 1286 qui
1077 1213 1137 1270 cito
1166 1213 1299 1270 conversi
1324 1218 1395 1270 eunt

345 1306 378 1362 in
401 1324 495 1372 cenes,
520 1304 625 1362 deinde
647 1303 680 1359 in
703 1303 827 1375 grandes
850 1303 955 1368 seinos,
979 1303 1030 1374 qui
1057 1303 1246 1359 ascendentes
1271 1302 1304 1358 in
1326 1321 1394 1359 sero

344 1395 422 1451 loedo
455 1399 521 1468 post
553 1411 584 1450 se
606 1393 731 1464 vestigio
752 1393 942 1465 reliquerunt
988 1392 1095 1448 Ilfl'eoit
1117 1392 1294 1448 Emteohins
1314 1381 1393 1448 isto¹

344 1484 551 1557 predicatione
573 1487 609 1538 ut
630 1482 719 1538 multi
741 1499 844 1540 usuros
866 1482 1060 1548 dimitterent,
1084 1487 1212 1537 mercete
1237 1499 1290 1554 per
1313 1481 1392 1537 diem

344 1573 526 1630 dominicum
561 1591 619 1628 nou
651 1577 795 1638 tenerent,
818 1577 852 1628 ut
879 1573 979 1627 lumen
1002 1571 1172 1627 indeficiens
1198 1576 1267 1627 onte
1289 1589 1393 1644 eorpus

345 1662 525 1718 dominicum
549 1661 581 1718 in
603 1661 733 1718 ecclesiis
755 1662 904 1728 heberent,
929 1666 964 1717 ut
994 1678 1128 1733 prooeroe
1159 1651 1296 1716 disoum²
1317 1662 1394 1717 elee-

345 1752 544 1825 mosynarium
578 1753 611 1807 iu
647 1769 748 1806 mensu
784 1751 933 1808 heberent.
994 1750 1057 1822 Ipsi
1093 1750 1211 1806 tondem
1236 1750 1394 1807 Eustochio

345 1840 435 1913 eliqni
452 1842 639 1914 praelntorum
662 1839 826 1897 invidentes
841 1841 988 1906 dixerunt,
1012 1840 1033 1866 ‘⁶
1045 1840 1113 1897 Nou
1129 1839 1198 1894 lieet
1219 1840 1275 1895 tibi
1290 1840 1394 1895 leloom

346 1931 365 1956 '⁶
390 1949 496 2003 ponere
525 1930 558 1984 in
587 1947 709 1985 messem
739 1919 890 1986 uliennm.”
936 1929 1048 1999 Quibus
1069 1929 1121 1984 ille
1142 1929 1228 1996 dixit,
1262 1927 1396 1985 “Mensis

347 2019 366 2045 “
392 2020 509 2092 quidem
525 2019 620 2075 multo
634 2020 684 2074 sed
699 2019 824 2092 operarii
846 2009 960 2092 peuoi.'’
1005 2021 1044 2074 Et
1059 2017 1102 2074 sie
1116 2018 1249 2074 discessit
1270 2017 1302 2074 in
1317 2019 1394 2074 Nor·

346 2109 504 2166 manniam.
550 2109 615 2164 Hoc
638 2126 752 2181 quoque
774 2126 850 2164 enno
883 2127 983 2166 mense
1005 2108 1159 2164 Decembri
1182 2108 1214 2163 in
1246 2107 1396 2180 provincie

346 2198 521 2255 Eborscensi
543 2203 740 2270 opposuerunt
754 2215 781 2254 v.
797 2187 899 2254 lunae³
914 2199 946 2254 in
970 2198 1062 2266 coelo;
1086 2186 1205 2270 primu⁴
1218 2196 1250 2253 in
1272 2199 1395 2264 oriente,

346 2288 471 2343 secunda
502 2288 536 2342 in
567 2287 726 2353 occidente,
767 2288 853 2344 tertie
883 2287 916 2343 in
953 2292 1062 2352 austro,
1109 2293 1213 2359 quarte
1244 2286 1276 2342 in
1312 2287 1396 2358 oqui-

346 2377 421 2444 lone‚
446 2376 550 2449 quinte
572 2377 603 2431 in
625 2376 722 2432 medio
744 2377 812 2434 ooeli
846 2376 990 2434 circuiens
1020 2377 1111 2434 sexies
1133 2375 1200 2433 illes
1229 2375 1285 2449 iiij.
1313 2377 1397 2433 lnnee

348 2466 430 2540 quusi
453 2483 617 2538 perunum
640 2466 752 2533 horem,
776 2471 806 2522 et
827 2465 947 2522 tundem
968 2466 1097 2522 ereunit.

393 2557 455 2612 Rex
478 2555 627 2612 Johunnes
653 2555 691 2611 ed
717 2555 834 2612 viuculo
863 2553 959 2611 suncti
992 2555 1072 2612 Petri
1102 2555 1182 2628 opud
1204 2560 1331 2612 oestrum
1360 2558 1398 2613 do

350 2645 493 2718 Myrabell
517 2643 595 2718 cepit
616 2649 646 2700 ot
668 2643 776 2701 occidit
800 2650 936 2718 nepotem
961 2663 1046 2700 snum
1069 2645 1244 2710 Arthurum,
1267 2651 1298 2701 et
1319 2664 1397 2702 soro·

349 2751 411 2789 rem
426 2724 512 2805 ejue⁵
526 2733 695 2790 Alienorum
711 2735 788 2806 opud
811 2735 992 2790 Bristollinm
1014 2738 1154 2808 perpetuo
1177 2751 1291 2790 carcere
1313 2753 1397 2790 men·

351 2823 467 2895 cipnvit.
514 2823 578 2893 Quo
600 2823 635 2879 de
659 2842 745 2880 consu
761 2829 900 2896 tunquam
917 2828 1036 2896 proptor
1050 2822 1189 2879 telonium
1205 2824 1398 2892 commissum,

347 2931 397 2968 rex
421 2912 553 2969 Frunoiae
575 2914 730 2984 occuparit
755 2912 978 2980 Normonnicm,
1004 2912 1198 2979 Britanniam,
1224 2913 1398 2981 Piotnvium,

348 3001 561 3074 Andegcviem,
584 3009 615 3059 et
637 3003 867 3060 Oenomennium
891 3020 969 3059 enno
991 3003 1095 3076 quinto
1117 3001 1286 3060 Innocentii
1309 3003 1399 3060 tertii.

778 3405 877 3532 cie.
901 3462 987 3532 nv.8

428 3625 504 3693 rdo⁷
526 3637 649 3692 fratrum
673 3635 896 3708 predicatorum
921 3636 1032 3711 inoepit
1053 3637 1086 3694 in
1108 3639 1258 3696 Tolosanis
1272 3639 1404 3714 pertibus

474 3725 528 3782 sub
562 3725 636 3782 duce
659 3725 821 3795 Dominioo,
844 3727 897 3782 sed
929 3746 987 3783 non
1021 3729 1119 3800 potuit
1148 3731 1314 3786 confirmari
1335 3737 1404 3788 onte

353 3815 481 3886 primum
497 3833 606 3872 sunum
629 3805 778 3872 Ηοιιοτίἰ.8
822 3805 951 3872 Hieme⁹
972 3818 1131 3889 asperrime
1145 3837 1163 3874 n
1178 3818 1405 3877 circumcisione

383 4057 390 4090 ¹
408 4057 474 4124 isto]
495 4072 548 4117 ruo,
561 4055 639 4125 Higd.
900 4058 927 4108 in
945 4059 988 4109 the
1007 4061 1090 4121 MSS„
1109 4062 1155 4112 bnt
1171 4062 1215 4112 the
1232 4062 1255 4112 Ο
1273 4062 1295 4112 is
1310 4062 1404 4113 illumi·

382 4136 479 4188 'Here
501 4151 536 4187 on
563 4135 660 4202 margin
688 4136 715 4185 in
743 4137 801 4188 MS.
826 4137 849 4187 is
900 4140 977 4188 noted
998 4138 1026 4188 in
1047 4140 1117 4189 them
1138 4140 1210 4202 both,
1231 4141 1330 4207 though
1357 4149 1403 4191 not

349 4215 424 4268 Noto
434 4221 463 4266 ut
474 4216 559 4267 disens
576 4215 730 4280 elemosyne
746 4232 764 4265 o
781 4233 850 4282 moy·
869 4249 873 4256 -
899 4215 1017 4267 followed
1042 4219 1077 4282 by
1088 4233 1138 4282 euy
1149 4219 1233 4284 larges
1251 4219 1404 4269 charactere.

347 4296 451 4346 notibus
473 4295 608 4345 lnbmtur
634 4295 662 4344 iu
684 4311 777 4358 meu,
799 4296 850 4347 and
900 4297 953 4345 But
973 4295 1024 4344 thie
1043 4302 1111 4346 must
1128 4297 1161 4346 be
1176 4297 1240 4360 Gap.
1261 4297 1317 4346 XV.
1335 4296 1402 4346 from

347 4374 419 4426 there
430 4375 451 4424 is
464 4382 560 4426 atroce
571 4373 601 4425 ol
608 4374 653 4425 the
664 4381 724 4424 note
735 4374 761 4423 in
773 4377 809 4426 A.
901 4373 945 4424 the
955 4372 1078 4439 exigency
1090 4375 1118 4424 ol
1135 4375 1179 4426 the
1197 4374 1305 4442 spelling
1316 4374 1345 4424 of
1359 4376 1402 4426 the

381 4453 448 4506 ¹On
476 4453 575 4518 margin
604 4453 635 4503 ol
656 4451 713 4504 MS.
740 4455 801 4504 here
829 4453 850 4504 is
900 4453 1109 4505 author’snume.

347 4551 370 4586 o.
383 4534 456 4584 lnnoe.
491 4532 547 4583 The
559 4548 580 4581 ω
590 4531 613 4581 ie
625 4531 686 4595 only
697 4530 743 4582 leit
753 4531 779 4580 in
791 4532 827 4582 Λ.
933 4531 944 4569 ⁷
961 4535 1030 4584 Here
1041 4549 1074 4582 on
1093 4535 1155 4584 both
1171 4533 1284 4602 margins
1294 4536 1316 4586 is
1330 4537 1403 4588 Ordo

379 4613 389 4645 ⁴
405 4611 501 4679 primu]
517 4627 577 4673 true,
588 4609 666 4675 Higd.
896 4612 1099 4678 predicatorum.

381 4691 391 4723 ⁵
408 4691 473 4758 ejus]
494 4706 575 4750 snum,
587 4690 667 4758 Higd.
829 4697 832 4706 ‘
932 4693 944 4725 ⁸
956 4710 1042 4761 popa,
1058 4697 1117 4745 edd.
1130 4696 1209 4763 Higd.

381 4775 490 4828 ⁶'There
512 4775 535 4826 is
557 4789 591 4828 uo
610 4775 716 4842 chapter
741 4775 849 4826 merhed
931 4773 943 4806 ⁹
960 4788 1051 4841 mopso
1062 4783 1096 4835 et,
1112 4777 1171 4828 edd.
1182 4776 1262 4846 Higd
