3625 5784
404 881 468 948 168
757 894 905 948 usuuror
929 893 1113 947 summos

401 1110 483 1150 mora
513 1093 592 1152 faeta
619 1093 770 1166 prooessit,
803 1111 837 1150 ao
870 1093 1069 1150 munitissima
1099 1092 1199 1148 fratris
1231 1090 1277 1146 aui
1310 1091 1454 1148 iohannis

401 1183 520 1241 castella
536 1184 572 1240 de
586 1182 767 1257 Notyngam,
784 1175 841 1240 de1
865 1173 983 1258 Tykyl¹
1001 1182 1124 1256 aceepit,
1141 1199 1265 1255 quornm
1281 1181 1454 1238 castellanos

401 1272 614 1340 incarceravit;
639 1274 804 1330 Johannem
836 1275 956 1330 fratrem
978 1292 1063 1330 suum
1085 1279 1227 1346 tanquam
1249 1272 1400 1344 ingratum
1422 1275 1453 1327 et

400 1363 525 1420 infidum
559 1362 671 1435 juditio
708 1381 859 1436 prosarum
899 1363 981 1420 omni
1017 1363 1127 1420 honore
1164 1362 1313 1435 privavit3
1353 1361 1453 1435 sieque

400 1454 479 1526 apud
501 1443 674 1526 Hampton³
696 1454 807 1509 Pascha
830 1471 916 1510 suum
938 1453 1043 1520 tenuit,
1059 1459 1147 1524 atque
1169 1453 1247 1524 apud
1263 1451 1453 1525 Wyntoniam

400 1547 541 1617 tanquam
557 1532 699 1600 detrusa⁴
717 1541 779 1615 jam
795 1542 975 1616 captivitatis
997 1541 1171 1614 ignominia,
1188 1542 1271 1614 quasi
1293 1559 1344 1597 rex
1358 1559 1453 1597 novus

401 1633 503 1706 quinto
526 1633 610 1705 regni
635 1624 702 1690 sui⁶
717 1651 794 1690 anno
810 1621 993 1690 solenniter⁰
1008 1636 1162 1688 coronatus
1184 1637 1239 1687 est.
1284 1631 1355 1686 Post
1369 1630 1453 1702 eujus

399 1723 595 1780 eoronationis
640 1723 781 1790 solennia,
827 1723 966 1796 quioquid
1007 1723 1089 1795 prius
1128 1721 1231 1777 leviter
1267 1720 1370 1777 datum
1400 1726 1453 1776 aut

399 1813 528 1885 graviter
560 1803 784 1869 venundatum⁷
818 1814 914 1870 suerat
941 1812 1070 1886 repetiit,
1104 1803 1223 1867 nomine
1248 1809 1453 1880 oommendati,

398 1903 511 1960 fruetus
533 1909 683 1976 perceptos
706 1921 758 1976 pro
781 1908 858 1959 sorte
881 1907 1063 1975 computans,
1087 1906 1219 1958 cessante
1241 1906 1338 1972 paeto,
1362 1901 1450 1957 titulo

399 1997 430 2049 et
475 1992 669 2050 instrumento
715 2010 907 2066 quocunque;
942 1997 973 2048 st
1009 1992 1052 2048 sio
1089 1991 1241 2065 paululum
1287 1992 1453 2047 demoratus

399 2082 554 2140 henaim
588 2081 750 2153 navigavit,
775 2091 876 2140 eontra
910 2100 1009 2155 regem
1032 2081 1211 2138 Francorum
1242 2081 1338 2138 denuo
1360 2079 1452 2136 bella·

398 2177 491 2229 turns.

229 2277 292 2332 war
302 2295 329 2331 οι
443 2263 518 2331 Rex
555 2263 717 2332 Riesrdus
757 2265 866 2332 denuo
904 2266 995 2353 apud
1032 2264 1238 2332 Wintoniam
1277 2269 1573 2358 coronatusstyoe,

226 2347 378 2492 {mbo
398 2374 474 2456 post
495 2369 669 2456 paululum
695 2369 853 2457 temporis
875 2369 1108 2435 transfretavit
1139 2368 1176 2433 in
1199 2367 1451 2449 Normanniam,
1464 2359 1563 2411 renas.

227 2480 332 2546 longor
396 2471 441 2538 ad
463 2472 725 2558 conquirendum
760 2472 893 2538 anatella
917 2494 991 2558 quae
1013 2471 1187 2558 Philippus
1220 2492 1278 2536 ren
1301 2469 1451 2538 Franoiae

226 2547 333 2600 Franoe.
396 2574 601 2662 adquisierat
624 2575 660 2640 in
690 2596 751 2641 aua
773 2575 932 2641 absentia
979 2574 1053 2639 Rex
1076 2573 1225 2639 Franciae
1248 2573 1343 2639 venit
1374 2595 1450 2640 eon-

397 2685 453 2745 tra
482 2702 558 2746 eum
589 2701 664 2746 oum
690 2677 875 2745 sexcentis⁸
905 2679 1071 2745 militibus
1107 2677 1294 2765 populoque
1325 2679 1450 2758 multo;

394 2804 532 2870 eumque
565 2805 623 2848 rex
646 2782 809 2848 Ricardus
833 2781 864 2846 ei
888 2786 1074 2847 occurreret
1097 2788 1136 2846 ut
1166 2780 1291 2846 bellum
1313 2803 1388 2846 oum
1412 2802 1450 2846 eo

226 2891 358 2946 Defeatof
395 2887 505 2964 iniret,
528 2909 588 2952 rex
610 2885 760 2951 Franoiae
783 2885 925 2950 retraxit
948 2907 982 2950 se
1005 2884 1099 2970 quasi
1121 2885 1286 2970 fugiendo,
1303 2889 1337 2950 et
1360 2885 1449 2971 eapti

224 2959 383 3015 memb·
396 2989 499 3056 sunt⁹
531 2989 571 3055 de
603 2987 769 3055 militibus
803 2987 873 3053 suis
896 2993 1041 3065 eentum,
1064 2991 1100 3052 et
1121 2985 1256 3052 ducenti
1286 2986 1447 3053 dextrarii

393 3093 479 3160 ferro
501 3091 706 3158 communiti.

438 3205 536 3277 Igitur
550 3203 668 3277 regibus
677 3193 704 3234 ¹⁰
726 3203 781 3260 sub
795 3200 877 3259 varia
892 3207 927 3258 at
948 3203 1055 3260 assolet
1076 3207 1154 3260 sorte
1177 3202 1443 3274 congredientibus,
1459 3197 1605 3254 cresens...

392 3313 535 3354 oonoessoe
558 3299 629 3351 sunt
652 3293 689 3350 ad
712 3311 824 3350 annum
846 3292 984 3361 induciae,
1007 3293 1071 3365 regi
1096 3292 1215 3365 quidem
1240 3290 1366 3349 Ricardo
1386 3312 1442 3367 pro
1457 3267 1599 3390 {daig-‘¹135‘

393 3385 574 3459 reparatione
608 3383 717 3438 virium
739 3389 770 3440 et
803 3401 892 3456 opum
927 3383 1024 3451 utiles,
1061 3381 1195 3456 quamvis
1229 3381 1304 3439 ratio
1326 3383 1442 3440 honesti
1576 3374 1583 3388 ’

393 3479 577 3548 repugnaret.
624 3473 772 3530 Johannes
803 3473 894 3530 irater
927 3473 1006 3547 regis
1045 3472 1176 3540 Ricardi,
1201 3473 1251 3544 qui
1282 3471 1345 3545 jam
1378 3473 1442 3545 regi

394 3564 572 3620 Franoornm
604 3567 706 3620 eontra
736 3563 888 3636 proprium
919 3564 1040 3621 fiunem
1077 3563 1251 3631 adhaeserat,
1284 3561 1353 3635 quia
1379 3561 1443 3635 jam

393 3654 438 3710 nil
470 3652 573 3710 habuit
612 3653 712 3726 nilque
734 3651 841 3726 potuit,
875 3659 988 3726 spretus
1021 3658 1065 3709 est
1099 3672 1117 3709 a
1150 3671 1219 3725 rege
1252 3652 1442 3719 Francorum,

394 3743 541 3800 mediante
573 3747 672 3799 tamem
704 3747 798 3799 matre
822 3759 875 3798 sua
912 3743 1061 3808 ntenora,
1085 3741 1124 3798 ad
1156 3760 1256 3814 regem
1285 3742 1444 3798 Rioardum

396 3835 518 3906 supplex
541 3832 640 3901 rediit,
664 3831 789 3889 fideliter
812 3821 874 3888 ei¹¹
896 3831 932 3888 de
955 3837 1061 3888 eutero
1083 3829 1273 3887 militaturus.
1320 3832 1444 3888 Fiebant

394 3923 505 3979 interea
527 3923 607 3996 apud
629 3923 828 3980 Turonensem
854 3920 1014 3978 exereitum
1046 3919 1098 3978 din
1129 3919 1297 3978 intermissa
1328 3927 1443 3978 tornea·

393 4019 502 4080 menta,
543 4011 625 4085 quasi
671 4013 812 4070 bellorum
859 4010 1012 4084 proeladia,
1060 4028 1120 4068 non
1166 4011 1301 4070 obstante
1345 4011 1444 4086 papali

391 4101 594 4177 prohibitione.

425 4291 434 4326 ¹
452 4293 496 4358 de]
517 4299 550 4352 et,
562 4291 642 4360 Higd.
978 4289 1048 4342 ⁷0n
1068 4290 1112 4341 the
1131 4291 1230 4357 margia
1248 4291 1279 4343 oi
1295 4293 1328 4344 Δ.
1348 4291 1370 4343 is
1383 4295 1445 4346 Rex

424 4385 436 4418 a
458 4383 578 4449 Typpmlg
589 4384 667 4450 ffigd,
942 4371 1021 4434 petiit
1044 4369 1099 4433 (ior
1110 4371 1228 4436 repetiit)
1242 4371 1391 4424 vandalo.

423 4478 643 4544 ”Homplouiam
654 4475 734 4542 Higd.
976 4448 1292 4580 ἰΐῖᾚῖᾛὰ
1312 4532 1339 4581 t·
1379 4534 1412 4584 bo

423 4569 568 4636 ⁴deima]
589 4566 789 4671 (ῙῗῗθΜἨίΕὼ
943 4545 1311 4676 the1m2300peisdie,M⁸dn
1331 4548 1380 4583 ¹⁸⁸
1413 4550 1444 4586 7⁰

422 4661 432 4694 ⁸
448 4661 503 4727 8¹15]
525 4677 575 4711 01¹²·
588 4661 664 4726 ffissd·
976 4686 996 4719 ¹⁰
1014 4689 1134 4754 utraque,
1145 4691 1204 4740 add.
1216 4688 1298 4755 Higd.

422 4757 518 4810 ⁶Hera
535 4771 569 4807 on
588 4757 651 4806 both
668 4755 782 4824 marg'us
804 4755 825 4806 is
838 4754 887 4805 Εἰ·
973 4765 995 4799 ¹¹
1011 4766 1048 4833 ei]
1082 4767 1159 4834 Higd
1182 4774 1241 4833 puts
1263 4769 1343 4820 eidem
1370 4771 1439 4824 after

396 4835 768 4890 cardarooroaolaarecando.
939 4851 1036 4896 catera.
