3625 5784
443 864 510 930 460
794 879 940 929 sumtu
965 879 1148 930 umosrou

272 1068 327 1184 ‘hed
329 1082 411 1133 ‹1⁰00ss
443 1064 579 1131 Mortuo
600 1067 684 1131 mari
707 1067 860 1132 comitem
883 1066 926 1131 de
950 1065 1108 1143 Memhia,
1126 1064 1340 1132 Edmundum
1364 1066 1499 1133 Botoler
1547 1012 1551 1037 Ι

272 1136 410 1254 &ptor-
444 1167 599 1233 comitem
621 1168 663 1232 de
686 1167 866 1234 Ormunde
914 1166 980 1246 Qui
1003 1188 1115 1233 omnes
1131 1188 1206 1233 cum
1229 1168 1297 1233 suis
1328 1168 1499 1235 adhaeren-

446 1267 536 1333 tibus
558 1272 843 1355 oongregavenmt
866 1289 1023 1356 magnum
1046 1268 1230 1334 exereitum
1256 1270 1300 1335 ad
1322 1268 1499 1335 Isabellam

445 1370 594 1457 reginam
615 1375 731 1435 eontra
752 1370 905 1435 oomitem
930 1369 1130 1435 Lanoastriae
1155 1368 1338 1436 Henricum
1361 1376 1396 1437 et
1417 1372 1499 1437 alios

446 1477 618 1559 magnetes
656 1472 697 1537 de
728 1493 831 1560 regno
862 1472 921 1558 qui
951 1492 1018 1537 non
1050 1470 1184 1537 fuerant
1219 1494 1332 1537 eorum
1366 1472 1501 1537 nefariis

445 1574 600 1659 operibus
637 1572 890 1639 eonsentientes.
949 1572 994 1637 Et
1032 1572 1268 1658 equitaverunt
1302 1574 1432 1639 viribus
1466 1579 1499 1639 et

446 1675 548 1741 ermis
581 1696 679 1761 super
705 1680 811 1740 terras
839 1674 922 1739 dieti
945 1674 1075 1740 domitis
1109 1679 1143 1739 et
1177 1680 1343 1740 venerunt
1365 1675 1500 1764 Leyees-

446 1777 547 1841 triem
561 1797 637 1841 oum
659 1797 780 1864 magno
802 1775 948 1841 exercitu
964 1774 1251 1863 Angueomm1et
1273 1775 1501 1841 Wallanorum

446 1876 554 1962 pridie
575 1898 680 1941 nonas
702 1876 867 1953 Januarii,
889 1882 925 1941 et
946 1876 1163 1942 morabantur
1185 1877 1221 1941 in
1253 1876 1444 1963 Leyoestria
1466 1882 1501 1943 et

278 1976 406 2028 uisam
448 1977 484 2041 in
507 1977 753 2063 eircumjsoenti
787 1975 920 2063 petria²
954 1984 1028 2044 octo
1060 1977 1187 2055 diebus,
1210 1983 1244 2043 et
1274 1978 1501 2064 spoliaverunt

277 2044 431 2173 iiigihtiur-
447 2079 594 2164 undique
617 2079 769 2165 patrium,
791 2083 826 2145 et
847 2078 971 2160 boseus,
994 2100 1117 2165 parcos,
1140 2080 1263 2156 vinoun,
1286 2085 1413 2167 stagna,
1434 2080 1500 2166 pis·

277 2176 417 2308 mh
446 2182 547 2258 ninas,
580 2184 616 2247 et
648 2200 759 2246 seeum
791 2180 1004 2247 abduxerunt
1035 2181 1193 2266 quioquid
1226 2181 1409 2267 preciosum
1440 2186 1501 2247 aut

224 2361 229 2373 ι
277 2257 514 2371 noquoenivile
536 2303 654 2348 manus
677 2303 790 2347 eorum
815 2282 967 2347 invenire
997 2286 1187 2368 potuerunt,
1221 2303 1350 2360 aurum,
1381 2304 1499 2371 argen-

277 2381 361 2439 W‘l·
447 2389 530 2463 tum,
551 2384 659 2461 blada,
681 2384 847 2461 utensilia,
868 2383 1033 2461 lectualia,
1058 2383 1247 2461 mensualie,
1274 2406 1375 2462 erma
1398 2385 1499 2451 vesti-

446 2492 568 2563 mentu,
590 2486 714 2551 bestias
735 2485 822 2551 feras
844 2491 879 2551 et
893 2485 1099 2563 domesticas,
1113 2506 1191 2551 oves
1214 2488 1249 2551 et
1266 2484 1377 2563 boves',
1392 2507 1501 2563 eneas,

444 2588 595 2677 gallinas,
619 2592 653 2653 et
685 2592 880 2653 ornamenta
912 2586 1138 2665 eeclesiastico,
1170 2586 1255 2651 nihil
1290 2587 1326 2651 in
1358 2588 1501 2653 ecelesiis

445 2692 620 2755 inventum
642 2689 697 2755 vel
718 2689 799 2753 alibi
822 2689 1048 2774 relinquendo,
1070 2708 1108 2755 ae
1130 2688 1160 2753 si
1186 2691 1272 2755 esset
1294 2689 1330 2753 in
1352 2692 1500 2777 ternpore

445 2813 574 2879 guerrae
595 2791 686 2855 inter
706 2812 817 2879 regne.
863 2789 908 2855 Et
930 2790 992 2856 hoe
1015 2794 1123 2855 totum
1148 2790 1184 2855 in
1210 2790 1423 2877 opprobrium
1446 2814 1499 2859 eo·

446 2894 538 2959 mitis
560 2892 761 2957 Lanoastriae
783 2891 842 2977 qui
864 2896 946 2958 tuno
967 2890 1079 2957 fuerat
1101 2892 1138 2956 in
1165 2892 1328 2957 veniendo
1350 2893 1393 2958 de
1424 2914 1500 2979 par-

446 2995 537 3060 tibus
561 2993 763 3059 australibus
785 3014 860 3059 eum
883 2998 1048 3079 potestate
1071 3014 1193 3082 magna
1224 2993 1338 3059 volens
1372 2996 1419 3059 eis
1442 2995 1499 3060 ob-

446 3098 563 3173 viasse,
585 3095 710 3161 habens
733 3096 769 3159 in
791 3095 952 3160 comitatu
976 3116 1035 3161 suo
1066 3100 1237 3183 magnates
1272 3096 1329 3181 qui
1364 3094 1501 3163 fuerant

188 3253 195 3265 .
278 3202 400 3253 Theesrl
446 3217 522 3262 eum
544 3196 671 3262 Thoma
701 3197 820 3263 comite
843 3196 1054 3274 taumatia,
1075 3196 1201 3263 seilioet
1233 3198 1386 3263 comitem
1410 3197 1499 3263 Mar·

276 3270 435 3388 grffiffl
446 3298 538 3376 ehiae,
561 3298 775 3364 Edmnndum
805 3298 960 3363 oomitem
995 3297 1124 3363 cantia
1155 3296 1293 3363 fratrem
1330 3319 1428 3363 suum
1466 3302 1501 3364 et

277 3402 378 3464 minsa
446 3402 648 3466 avunculum
671 3402 768 3488 regis,
794 3400 962 3487 episeopos
994 3399 1248 3477 Londoniarum,
1271 3398 1499 3484 Wynoestriae,

278 3467 356 3517 them.
446 3502 616 3568 dominum
640 3503 671 3569 le
693 3501 810 3580 Wake,
832 3502 1003 3567 dominum
1028 3502 1069 3566 de
1103 3502 1288 3579 Bealmont,
1320 3500 1497 3590 Hugonem

445 3601 648 3690 Daudeleye‚
684 3604 855 3669 dominum
887 3590 1048 3669 Thomem
1086 3603 1276 3688 Russelyne‚
1311 3608 1345 3668 et
1376 3604 1498 3669 multos

445 3705 535 3771 alios.
582 3706 716 3771 Etcum
732 3705 790 3771 isti
813 3710 985 3794 magnetes
1007 3704 1115 3790 parati
1139 3708 1249 3769 essent
1270 3704 1314 3770 ad
1337 3704 1497 3771 invaden-

316 3820 320 3827 '
444 3806 534 3885 dum,
556 3812 597 3873 ut
618 3806 881 3893 suspicabantur,
896 3807 1064 3895 Rogerum
1086 3805 1280 3893 Mortymr,
1303 3806 1397 3893 cujus
1419 3826 1495 3871 oon·

443 3906 518 3972 silio
540 3911 576 3973 et
590 3908 790 3973 excitatione
804 3929 865 3973 rex
885 3912 1080 3993 oonoeperet
1095 3906 1357 3995 indignationem
1380 3913 1496 3973 eontra

443 4009 604 4095 quosdam
626 4010 729 4098 legios
751 4030 829 4075 suos
850 4008 963 4074 fideles
994 4009 1097 4097 regni,
1120 4007 1186 4074 duo
1217 4008 1374 4074 avunculi
1407 4008 1495 4097 regis

275 4101 426 4170 Thekingu
443 4110 586 4176 Thomas
609 4116 644 4177 et
665 4110 861 4175 Edmnndus
883 4110 1091 4195 reliquerunt
1121 4110 1283 4188 comitem,
1306 4113 1341 4176 et
1373 4132 1408 4175 se
1439 4110 1496 4175 de·

275 4171 409 4285 iiiii?
444 4213 566 4279 derunt
589 4212 689 4277 matri
712 4213 798 4300 regis
825 4217 860 4276 et
892 4211 1022 4299 Rogero
1056 4208 1247 4299 Mortymer,
1281 4216 1495 4297 procurantes

275 4302 417 4355 Monimo.
443 4314 558 4379 comiti
581 4314 782 4379 Lanonstriae
817 4312 941 4377 melum
968 4312 1140 4379 seditionis
1173 4314 1208 4377 in
1240 4318 1403 4398 quantum
1437 4334 1493 4399 po

443 4419 563 4480 terent.
610 4414 676 4480 Hie
698 4435 805 4481 eomes
829 4413 994 4480 Hemious
1017 4415 1081 4481 sub
1111 4437 1168 4501 spe
1199 4414 1329 4481 fiduoiae
1361 4434 1494 4480 suorum

442 4521 574 4603 ceperat
605 4516 714 4583 locum
745 4537 843 4582 suum
874 4515 911 4581 in
945 4537 1060 4604 eampo
1087 4515 1189 4603 juxte
1222 4516 1386 4582 Bedtorde
1417 4515 1495 4581 fixis

476 4791 484 4818 ¹
503 4786 650 4853 nuptm,
660 4788 718 4841 MS.
956 4789 962 4857 Ι
1024 4789 1239 4857 'petrinam
