3625 5784
427 814 493 877 282
787 826 934 875 amarer
958 824 1141 874 Kaisaros

424 1036 467 1079 ex
490 1037 556 1101 quo
579 1016 736 1101 sequitur,
761 1016 850 1101 quod
880 1016 970 1080 filius
1000 1017 1054 1080 dei
1078 1037 1144 1080 non
1169 1014 1270 1079 suerit
1294 1014 1481 1100 [tantum]¹

423 1116 522 1184 homo
560 1119 616 1183 sed
655 1118 791 1183 alterius
837 1118 956 1204 speciei
1007 1116 1245 1183 innonrinatae.¹
1327 1114 1482 1194 Tertius8

423 1220 511 1304 quod
542 1221 578 1284 in
617 1220 736 1285 illam⁴
769 1219 986 1285 formamvel
1012 1225 1166 1284 naturam
1194 1220 1235 1287 de
1257 1242 1345 1286 novo
1375 1221 1478 1286 intro-

423 1320 556 1388 ductam
602 1344 661 1408 per
698 1328 836 1387 mortem
874 1322 965 1388 faeta
1006 1322 1123 1387 fuisset
1166 1323 1479 1388 transubstantiatio

363 1452 373 1462 ·
423 1425 520 1509 panis
553 1425 681 1490 virtute
714 1424 886 1490 verborum
920 1424 1217 1502 sacramentalium,
1248 1425 1382 1504 scilieet,
1405 1424 1478 1493 Hoc

358 1520 389 1595 .’
423 1532 475 1591 est
506 1547 624 1612 eorpus
659 1548 779 1602 meum,
810 1526 838 1589 si
872 1525 907 1589 in
940 1526 1052 1591 triduo
1086 1527 1203 1591 mortis
1235 1526 1324 1592 faeta
1360 1527 1477 1593 fuisset

266 1619 272 1631 ’
303 1621 309 1633 ’
345 1661 352 1673 ·
421 1628 629 1693 consecratio.
693 1626 863 1706 Quartus,¹
893 1627 983 1713 quod
1021 1626 1126 1705 modo,
1157 1628 1282 1693 scilieet
1312 1634 1387 1714 post
1426 1650 1477 1694 re·

421 1730 656 1795 surrectionem
681 1728 804 1794 Christi
828 1728 887 1793 in⁶
911 1730 1038 1795 virtute
1062 1729 1234 1795 verborum
1257 1734 1475 1796 sacramenta·

420 1830 502 1895 lium
525 1832 731 1897 convertitur
752 1836 843 1897 totus
859 1832 955 1917 panis
980 1832 1029 1916 [in
1052 1830 1198 1916 totum]⁷
1217 1854 1333 1918 eorpus
1350 1831 1475 1898 Christi

420 1934 546 2013 vivum,
579 1935 628 1998 ita
662 1934 750 2018 quod
773 1932 913 1999 materia
943 1934 1039 2019 panis
1066 1934 1270 1999 convertitur
1303 1934 1339 1998 in
1372 1940 1471 1999 mate·

419 2035 501 2099 riam
537 2036 680 2123 eorporis
713 2034 848 2112 Christi,
871 2043 905 2099 et
929 2035 1037 2101 forma
1069 2036 1165 2122 panis
1199 2037 1406 2102 convertitur
1439 2038 1474 2101 in

419 2135 557 2200 formam
581 2136 733 2221 eorporis
750 2136 875 2201 seilicet
898 2136 933 2199 in
957 2136 993 2201 id
1016 2136 1102 2222 quod
1120 2144 1171 2202 est
1193 2138 1306 2203 anima
1328 2138 1472 2205 intellee-

419 2236 491 2301 tiva
513 2237 692 2301 seeundum
716 2237 804 2322 quod
829 2236 984 2321 [forma]¹
1008 2238 1153 2323 eorporis
1177 2245 1285 2303 estet
1312 2240 1371 2305 dat
1405 2262 1473 2305 esse

418 2358 617 2422 corporeum,
653 2342 688 2401 et
721 2336 783 2403 hoe
806 2337 934 2402 virtute
965 2336 1140 2403 verborum
1176 2340 1472 2405 saoramentalium.

248 2435 401 2553 {mles
419 2439 564 2520 Quintus
598 2446 649 2505 est
673 2440 918 2526 idemptitatem
951 2439 1054 2505 fuisse
1093 2442 1293 2507 numeralem
1328 2444 1471 2530 eorporis

248 2509 385 2618 &223⁰
418 2540 545 2607 Christi
583 2542 706 2606 mortui
745 2563 820 2608 oum
853 2541 925 2625 ejus
958 2562 1091 2628 corpore
1130 2542 1208 2608 vivo
1242 2544 1470 2610 tantummodo

247 2634 314 2750 233
322 2636 394 2751 ξω]
418 2652 552 2730 propter
574 2644 817 2731 idernptitatern
844 2643 992 2709 materiae
1017 2643 1104 2729 [et]¹
1128 2644 1328 2710 divisionum
1341 2644 1354 2684 ⁸
1369 2646 1470 2712 inter·

245 2765 328 2833 living
336 2718 404 2835 airy
416 2746 585 2811 unitarum
603 2752 637 2810 et
659 2743 865 2809 habitudinis
888 2744 1036 2830 ipsarum
1059 2746 1101 2809 ad
1125 2746 1270 2813 animam
1293 2747 1468 2814 intellecti·

245 2835 391 2952 fflffl‘
418 2869 493 2912 vam
517 2870 590 2933 quae
612 2846 808 2912 immortalis
839 2852 897 2911 est.
957 2846 1097 2933 Insuper
1122 2870 1191 2914 esse
1223 2850 1468 2936 idemptitatem

245 2966 340 3018 tained.
412 2950 614 3015 numeralem
638 2949 781 3035 eorporis
805 2949 873 3012 vivi
898 2954 933 3013 et
965 2950 1088 3014 mortui
1126 2951 1253 3017 ratione
1277 2953 1467 3020 existentiae

413 3052 585 3137 utriusque
617 3053 653 3115 in
683 3051 796 3116 eadem
820 3050 1016 3138 hypostasi⁹
1039 3052 1142 3117 verbi.
1189 3052 1320 3131 Sextus,
1344 3054 1466 3140 quod¹⁰

413 3174 531 3239 corpus
564 3152 789 3238 cujuscunque
812 3152 918 3218 sancti
942 3152 995 3217 vel
1018 3151 1161 3219 hominis
1184 3160 1352 3220 mortuum
1375 3162 1468 3222 ante·

245 3245 375 3366 3023&
414 3276 515 3341 quam
547 3256 592 3321 ait
624 3278 683 3340 per
721 3254 932 3341 putredinem
945 3253 969 3293 ¹¹
1005 3261 1173 3321 mutatum
1206 3257 1241 3321 in
1277 3280 1374 3323 auras
1412 3259 1467 3324 vel

244 3378 370 3433 rhedas,
414 3359 583 3435 elementa,
615 3380 681 3423 non
714 3379 783 3422 esse
817 3358 905 3422 idem
938 3380 1076 3423 numero
1114 3379 1190 3423 oum
1229 3382 1363 3446 eorpore
1395 3361 1466 3447 ejus

413 3460 501 3537 vivo,
516 3460 580 3525 nisi
599 3460 778 3525 seeundum
802 3460 892 3545 quid,
915 3460 1040 3526 scilieet
1062 3461 1191 3527 ratione
1214 3463 1362 3529 materiae
1377 3484 1465 3529 eorn-

413 3562 532 3639 munis,
548 3560 668 3627 sieut¹²
690 3566 769 3626 sunt
791 3583 897 3627 unum
914 3583 988 3648 quas
1002 3563 1144 3629 invicem
1163 3564 1467 3630 transmutantur¹³

412 3669 452 3729 ut
485 3686 561 3729 earo
592 3670 627 3729 et
660 3664 791 3745 vermis,
825 3670 859 3729 et
889 3664 1018 3729 ratione
1057 3664 1234 3731 accidentis
1273 3667 1463 3745 eommunis,

413 3766 538 3832 seilicet
560 3768 767 3853 quantitatis,
790 3765 985 3853 simpliciter
1010 3773 1123 3833 autem
1158 3790 1227 3834 esse
1259 3768 1426 3835 diversum
1439 3768 1465 3807 ¹¹¹

411 3887 529 3957 eorpus
563 3876 731 3935 mortuum
768 3894 789 3935 a
825 3869 905 3933 vivo
942 3870 1047 3956 speeie
1082 3874 1117 3934 et
1150 3891 1297 3936 nurnero.
1356 3868 1465 3959 Septi-

242 3955 379 4089 m&
410 3994 485 4037 mus
516 3978 574 4049 est,
607 3972 696 4058 quod
729 3972 787 4056 qui
817 3970 893 4037 vult
924 3972 973 4036 ita
1004 3972 1119 4037 dooere
1156 3994 1223 4039 non
1262 3979 1396 4040 tenetur
1429 3975 1465 4040 in

442 4148 545 4200 ¹me
556 4151 599 4213 Sp.
841 4186 844 4191 .
994 4146 1175 4198 ⁸divisionum
1196 4148 1399 4217 tolerandarum]
1427 4150 1465 4200 di-

441 4228 453 4261 ²
469 4226 644 4293 innominata]
658 4241 709 4279 om.
720 4227 766 4291 Sp.
961 4226 1119 4277 mensionum
1130 4227 1357 4289 interminantem,
1370 4230 1413 4295 Sp.

442 4307 453 4340 ³
473 4306 576 4357 Tertius
587 4314 633 4365 est,
645 4308 688 4371 Sp.
993 4304 1004 4337 ⁹
1018 4306 1139 4371 ypostasi,
1151 4308 1223 4357 MSS.

442 4386 550 4445 ⁴r'llona
572 4386 616 4449 Sp.
651 4384 715 4434 Thia
731 4401 812 4435 seems
831 4390 857 4434 to
876 4386 909 4433 be
994 4384 1014 4417 ¹⁰
1029 4386 1108 4451 qaod]
1130 4392 1176 4447 est,
1199 4388 1311 4451 Sp.,·'but
1338 4394 1374 4439 est
1396 4390 1462 4453 quod

407 4468 452 4517 the
471 4466 577 4529 reading
595 4466 701 4515 needed.
747 4464 813 4516 Both
832 4463 907 4515 MSS.
960 4463 1051 4530 should
1064 4467 1175 4517 beread.

407 4547 473 4597 hare
484 4544 570 4595 ullum.
994 4542 1011 4574 ¹¹
1026 4544 1247 4610 putrefactionem,
1259 4547 1301 4611 Sp.

439 4623 450 4655 ¹
470 4624 586 4685 Quartus
597 4622 723 4673 articulata
734 4630 779 4681 est,
791 4624 834 4685 Sp.
993 4620 1013 4656 ¹²
1030 4622 1111 4681 sicud
1122 4623 1157 4674 A.
1168 4644 1175 4684 ς
1192 4624 1245 4683 sed,
1257 4625 1317 4677 MS.

439 4702 451 4735 ⁸
466 4703 505 4768 in]
524 4718 573 4752 om.
585 4704 627 4766 Sp.
993 4701 1012 4735 ¹¹
1030 4704 1242 4762 transmittantur,
1254 4704 1296 4768 Sp.

438 4780 449 4818 ⁷
465 4782 492 4830 in
501 4780 592 4845 tantm]
605 4781 672 4830 from
682 4782 715 4831 A.
723 4781 774 4830 and
785 4782 828 4843 Sp.
838 4800 845 4839 ς
857 4794 907 4831 om.
993 4779 1011 4811 ¹¹
1028 4779 1163 4843 diuersum,
1173 4782 1215 4846 Sp.
1226 4802 1233 4843 ς
1250 4782 1366 4844 diuisum,
1378 4785 1451 4839 MSS.
