3625 5784
446 875 510 946 174
792 888 939 941 uramur
961 888 1146 941 assessor

448 1111 514 1150 oum
538 1092 575 1149 ad
598 1095 698 1148 votum
724 1107 775 1162 per
790 1105 857 1146 suos
880 1087 969 1145 citius
990 1107 1050 1146 non
1072 1090 1242 1163 eriperetur,
1265 1097 1374 1163 negato
1396 1090 1500 1148 Maria)

446 1183 507 1240 filio
530 1201 564 1238 eo
588 1181 665 1255 quod
687 1198 754 1236 eum
792 1198 852 1236 non
890 1179 1038 1248 liberaret,
1071 1181 1219 1237 diabolum
1242 1182 1279 1238 ad
1311 1199 1392 1237 suam
1426 1182 1499 1238 libc-

445 1272 590 1330 rationem
608 1273 764 1328 invocasse.
811 1269 1020 1340 Infitiabautur
1036 1272 1094 1326 ista
1115 1271 1258 1327 Willelmi
1278 1269 1497 1342 justificatores,

446 1368 534 1436 atque
556 1361 686 1432 maligne
710 1360 835 1416 conficta
873 1359 1017 1416 dicebant.
1063 1361 1153 1416 Porro
1176 1361 1258 1418 litem
1280 1361 1358 1417 hano
1380 1362 1499 1418 diremit

446 1454 477 1508 iu
500 1453 581 1509 brevi
616 1450 767 1508 fabricata
794 1449 935 1505 vanitatis
958 1467 1096 1517 occasus;
1119 1451 1228 1506 veritas
1264 1469 1369 1523 nempe
1404 1451 1498 1506 solida

445 1552 499 1610 est,
515 1548 546 1599 et
565 1547 696 1614 tempore
721 1529 919 1596 convalescit¹
965 1539 1064 1609 Igitur
1090 1539 1241 1596 Hubertus
1263 1541 1497 1613 archiepiscopus

445 1633 530 1705 regni
575 1631 741 1691 moderator
787 1631 819 1684 iu
864 1629 1044 1684 sacerdotem
1089 1631 1255 1701 praefatum,
1302 1630 1497 1686 ecclesiastica

444 1727 594 1795 praeeunte
627 1721 769 1786 vindicta,
794 1723 937 1774 armatam
972 1719 1135 1774 custodiam
1170 1720 1202 1774 ia
1225 1721 1278 1776 illo
1301 1720 1365 1776 loco
1389 1720 1497 1792 posuit,

444 1831 510 1886 qum
533 1817 563 1868 et
599 1827 747 1866 accessum
785 1809 1002 1864 accameutium
1041 1814 1175 1876 arccrct;
1200 1814 1230 1864 et
1268 1809 1310 1864 sio
1348 1809 1380 1864 iu
1416 1811 1496 1864 brevi

445 1902 581 1958 machina
611 1889 814 1956 continuata2
852 1898 1068 1970 superstitionis
1105 1899 1243 1966 concidit,
1282 1904 1312 1955 et
1349 1899 1498 1973 popularis

445 1990 545 2064 opinio
569 1989 747 2062 conquievit

489 2080 555 2138 Illis
577 2079 679 2136 diebus
712 2077 833 2151 quidam
871 2080 990 2134 sanctus
1027 2079 1193 2134 sacerdos
1185 2096 1217 2134 ιιι
1241 2079 1338 2136 Gallia
1376 2079 1495 2135 nomino
1510 2070 1575 2119 ”em
1587 2067 1643 2122 05⁸·

446 2171 537 2287 ⁸Ilulco
558 2169 641 2226 venit
664 2169 701 2224 ad
723 2185 823 2238 regem
847 2167 1018 2234 Ricardum,
1047 2166 1089 2223 sic
1122 2169 1282 2241 inquiens,
1296 2169 1401 2225 “Dico
1430 2168 1496 2234 tibi,
1510 2150 1610 2254 mm,
1613 2135 1666 2253 gilb'

446 2262 549 2326 ‘⁸,rox
565 2279 600 2316 ex
624 2262 706 2330 parte
722 2257 930 2329 omnipotentis
945 2256 1003 2324 dei,
1020 2247 1078 2312 ut³
1100 2263 1159 2313 tres
1174 2258 1250 2313 filias
1265 2264 1334 2314 tuas
1355 2259 1497 2331 pessimas
1577 2218 1594 2267 p

446 2350 578 2406 “citius
601 2353 675 2420 nupt
676 2348 708 2403 ui
663 2346 838 2412 t‚tmdas
862 2365 900 2401 ne
933 2347 1047 2419 aliquid
1073 2347 1201 2403 deterius
1231 2349 1287 2403 tibi
1310 2348 1496 2419 contigat?

445 2439 500 2496 Oui
531 2458 592 2508 rex,
615 2435 790 2501 “Mentiris,
814 2436 978 2509 hypocrita,
1004 2436 1074 2508 quia
1105 2438 1217 2492 nullam
1250 2438 1342 2494 liliam
1376 2428 1497 2494 babeo.”

446 2531 485 2585 Et
508 2529 568 2596 ille,
594 2531 612 2555 “
624 2528 731 2593 Immo,
749 2525 924 2598 Superbiam
939 2526 1038 2593 habes,
1051 2526 1228 2594 Avaritiam,
1252 2532 1283 2583 et
1308 2518 1498 2583 Luxuriam.’'

446 2619 508 2674 Rex
541 2617 636 2690 igitur
658 2617 825 2672 convocatis
855 2615 1024 2688 proceribus
1058 2616 1118 2671 suis
1148 2617 1201 2683 ait,
1226 2619 1245 2643 ‘⁴
1257 2617 1303 2672 Do
1326 2617 1499 2690 Superbiam

446 2711 466 2736 ‘⁶
490 2727 586 2764 meam
624 2705 799 2779 Templariis
837 2710 867 2760 et
905 2705 1124 2778 Hospitalariis,
1162 2706 1366 2778 Cupiditatem
1403 2725 1500 2763 meam

446 2801 465 2826 ‘⁸
491 2797 643 2854 monachis
665 2794 916 2862 cisterciensibus,
942 2795 1102 2850 Luxuriam
1135 2813 1231 2851 meam
1262 2796 1391 2852 ecclesie)
1424 2813 1499 2868 prae-

447 2892 466 2918 “
491 2889 586 2946 latis”
643 2886 694 2942 Illi
722 2890 820 2940 autem
852 2901 925 2957 quos
959 2885 1050 2940 Falco
1084 2885 1244 2958 predictus
1271 2885 1499 2958 reprehenderat

445 2979 588 3036 miseruut
610 2977 696 3033 illum
719 2975 752 3031 in
774 2973 903 3039 riuoula,
928 2974 980 3030 sed
1004 2993 1063 3030 uon
1087 2976 1184 3047 potuit
1206 2975 1329 3047 alligari.

491 3069 556 3125 Hoc
579 3083 656 3123 anno
679 3063 753 3121 obiit
776 3064 869 3119 Resus
903 3064 1038 3136 princeps
1060 3063 1195 3133 Walliae3
1223 3064 1260 3119 de
1291 3083 1349 3137 quo
1382 3064 1500 3136 quidam

445 3158 488 3216 sic
503 3157 660 3223 cecinit·‘
664 3154 711 3210 ‘O
734 3154 805 3210 belli
827 3153 933 3225 gloria,
950 3153 1065 3209 militias
1088 3155 1219 3226 clypeus,
1236 3156 1340 3226 patria
1355 3160 1499 3220 tutamen,

447 3251 638 3303 “armorum
672 3244 770 3310 decus,
805 3243 959 3299 brachium
993 3243 1184 3309 fortitudinis,
1208 3243 1354 3316 largitatis
1386 3262 1499 3309 manus,

446 3341 466 3367 ‘¹
491 3335 614 3393 rationis
637 3334 748 3400 oculus,
764 3333 928 3388 honestatis
950 3333 1096 3404 splendor,
1113 3339 1229 3406 pectam
1259 3351 1363 3406 gerens
1385 3333 1497 3389 Hercu·

446 3431 466 3456 ⁸⁸
492 3427 528 3482 lis
551 3424 735 3498 probitatem,
759 3421 885 3478 Achillis
909 3424 1141 3494 prosperitatem,
1162 3423 1295 3479 Nestoris
1317 3423 1500 3490 modestiam,

447 3519 466 3545 ‘⁶
491 3504 607 3588 Tydei⁴
636 3512 798 3578 audaciam,
824 3512 994 3583 Sampsonis
1024 3512 1238 3580 fortitudinem,
1261 3513 1399 3569 Hectoris
1433 3531 1500 3583 gra·

448 3610 467 3636 “
491 3606 624 3668 ritatem,
644 3601 766 3674 Euryali
789 3600 964 3672 agilitatem,
984 3601 1099 3656 Paridis
1121 3603 1254 3670 formam,
1278 3602 1375 3658 Ulixis
1398 3603 1502 3657 facun-

448 3699 467 3723 “
492 3695 581 3759 diam,
622 3691 786 3748 Salomonis
832 3690 1016 3762 sapientiam,
1055 3689 1155 3762 Ajacis
1193 3692 1419 3748 animositatem.
1476 3691 1500 3747 Ο

448 3788 466 3812 “
492 3784 637 3839 nudorum
668 3780 767 3846 restis,
807 3780 1009 3836 famelicorum
1046 3798 1170 3847 morsus,
1205 3782 1337 3839 omnium
1375 3781 1501 3853 denique

448 3878 467 3902 “
492 3871 705 3947 postulantium
739 3869 826 3942 plena
860 3870 1029 3927 satisfactio.
1077 3869 1102 3926 0
1134 3869 1228 3928 dulcis
1260 3871 1385 3944 eloquio,
1410 3871 1501 3926 comis

448 3966 467 3992 ‘⁶
493 3962 642 4034 obsequio,
667 3965 735 4016 actu
758 3959 906 4025 honestus,
932 3977 1064 4015 sermone
1085 3959 1244 4029 modestus,
1267 3961 1354 4016 vultu
1386 3961 1500 4028 hilaris,

449 4057 469 4082 “
493 4053 567 4109 facie
590 4051 721 4116 decorus,
746 4049 872 4120 singulis
897 4047 1050 4121 benignus,
1076 4049 1213 4106 omnibus
1236 4040 1363 4123 aequus.”

483 4445 491 4479 ¹
512 4443 564 4494 Sed
572 4437 837 4504 concinnatofulsitas
845 4436 873 4486 in
883 4433 952 4486 trevi
998 4440 1067 4506 fitia
1084 4442 1160 4506 repis,
1171 4443 1296 4504 avaritia,
1307 4439 1436 4507 superbia,
1448 4440 1505 4491 lux-

451 4523 584 4575 eounesce't.
619 4519 711 4570 Added
725 4516 749 4568 iu
760 4531 846 4579 many,
853 4516 899 4564 but
909 4520 954 4564 aot
1003 4520 1072 4570 urfa,

451 4604 478 4654 ln
491 4602 534 4663 nll,
546 4599 624 4650 MSS.
636 4595 753 4661 cllligd.
1038 4599 1158 4663 tTydef,
1186 4599 1251 4649 from
1283 4597 1378 4666 „5843
1418 4597 1506 4660 Μαι,

484 4683 495 4714 ‘·'
512 4680 678 4736 concinnate,
689 4675 766 4740 lligd.
1006 4667 1060 4715 MS.

486 4759 496 4792 ³
513 4761 584 4809 llere
600 4773 632 4806 on
649 4755 712 4806 both
724 4749 838 4820 margn'us
850 4749 872 4800 is
890 4750 955 4800 Trea
977 4776 980 4786 ·
