3625 5784
618 841 888 891 nnrcnsruuusrs
912 842 1122 893 cneomcou.
1335 834 1398 903 189

347 1027 363 1056 “
387 1019 523 1086 contru¹
540 1043 607 1086 non
624 1023 743 1086 uenire.
800 1023 844 1088 Et
867 1023 895 1087 si
911 1045 970 1090 nos
992 1025 1045 1089 vel
1068 1024 1188 1110 aliquis
1210 1029 1398 1090 nostrorum

346 1127 363 1154 “
386 1142 608 1187 successorum
649 1138 763 1188 contra
796 1122 868 1189 luec
901 1123 1053 1210 aliquid²
1085 1131 1284 1212 attemptare
1315 1147 1396 1211 prae·
1411 1139 1565 1205 Pemltyon

345 1227 363 1256 “
386 1225 571 1309 sumpserit,
589 1225 775 1310 quicunque
790 1224 892 1290 fuerit
907 1227 974 1306 ille,
989 1228 1054 1292 nisi
1077 1229 1296 1294 commonitus
1319 1229 1397 1291 res'·
1409 1207 1502 1322 ξῇἶξῗ

344 1329 361 1356 “
384 1327 502 1408 puerit,
526 1326 622 1391 cedet
645 1348 665 1390 e
684 1328 759 1410 jure
782 1328 883 1413 regni.
931 1329 976 1393 Et
998 1335 1038 1393 ut
1060 1328 1130 1394 haec
1160 1335 1252 1394 carta
1274 1329 1516 1414 obliga-charte.

342 1430 363 1460 “
388 1426 489 1491 tionis
504 1432 539 1492 et
561 1428 778 1493 concessionis
801 1434 922 1494 nostrae
938 1451 1065 1514 semper
1088 1430 1183 1496 firma
1198 1436 1395 1516 permaneat.

345 1534 362 1562 ‘¹
386 1527 428 1591 In
451 1528 566 1614 cujus³
588 1531 635 1594 rei
659 1530 888 1595 testimonium
911 1531 991 1597 etr.''

389 1631 515 1716 “Ego⁴
548 1631 718 1696 Johannes
750 1633 803 1696 dei
833 1633 942 1718 gnatia
974 1655 1034 1696 rex
1065 1633 1196 1719 Angliae
1226 1639 1287 1698 etc.
1342 1633 1396 1698 Ab
1408 1631 1559 1695 Thelins’fl

342 1737 359 1763 “
381 1729 443 1795 hac
475 1731 556 1796 hora
582 1733 615 1794 in
648 1731 829 1817 enim0(2)⁵
860 1731 968 1796 fidelis
1014 1753 1069 1798 ero
1108 1734 1169 1797 deo
1213 1739 1247 1798 et
1274 1699 1513 1830 beato⁶fflt0ligl

341 1839 358 1865 “
381 1830 479 1897 Petro
501 1838 537 1895 et
571 1832 713 1898 ecclesiae
748 1833 906 1897 Romanae
941 1855 979 1897 ac
1013 1834 1147 1898 domino
1185 1855 1258 1898 meo
1296 1834 1397 1897 Inno-

340 1933 491 1998 “centio
529 1955 624 2021 papae
659 1935 758 2003 tertio
791 1934 928 2020 ejusque
960 1937 1200 2000 successoribus
1234 1935 1396 2001 catholice

341 2042 357 2069 “
381 2035 605 2116 intrantibus;
641 2057 701 2100 nec
724 2056 778 2101 ero
809 2037 846 2099 in
884 2036 981 2112 lactu,
1013 2037 1111 2116 dicto,
1150 2059 1310 2103 consensu
1342 2037 1394 2102 vel

341 2144 357 2172 ‘⁸
380 2139 516 2202 consilio
553 2145 593 2204 ut
623 2141 728 2204 vitam
767 2139 910 2224 perdant
939 2139 994 2204 vel
1032 2142 1186 2218 membre,
1220 2141 1275 2205 vel
1308 2141 1396 2204 male
1409 2142 1554 2194 Hemllbe

326 2245 358 2286 .“
380 2241 531 2326 captione
559 2240 742 2326 capiantur,
757 2245 793 2305 et
815 2241 973 2305 damnum
1000 2263 1113 2306 eorum
1130 2243 1219 2326 quod
1239 2241 1393 2307 sciverim
1407 2221 1527 2339 &3¹¹

339 2349 357 2376 “
379 2342 566 2427 impediam,
597 2348 632 2407 et
664 2339 856 2407 removere⁷
890 2343 1009 2407 faciem
1051 2344 1080 2407 si
1109 2350 1232 2429 potero,
1270 2343 1394 2422 alioqui
1406 2358 1504 2420 wus-

340 2449 358 2478 ‘¹
381 2444 428 2507 eis
462 2443 684 2528 quamcitius
720 2449 853 2530 poterov
874 2444 1046 2522 intimate,
1076 2444 1131 2510 uel
1160 2444 1220 2510 tali
1247 2466 1394 2530 personae
1406 2409 1543 2525 fflffilll,

339 2553 356 2578 “
379 2545 486 2611 dicam
509 2567 608 2630 quam
624 2546 671 2610 eis
693 2545 790 2610 credo
813 2566 872 2630 pro
888 2551 977 2611 certo
993 2546 1164 2611 dicturam.
1212 2545 1394 2612 Consilium
1406 2543 1554 2657 {ffiuffih

341 2656 357 2681 “
381 2649 468 2732 quod
501 2647 583 2711 mihi
610 2647 812 2712 crediderint
834 2669 894 2733 por
929 2670 963 2712 se
997 2647 1052 2711 vel
1079 2670 1138 2733 per
1169 2648 1307 2712 nuncios
1336 2670 1394 2712 seu
1408 2697 1448 2745 He
1459 2698 1510 2745 wi„

340 2756 356 2783 ‘¹
380 2771 438 2834 per
461 2750 573 2814 literas
589 2771 665 2814 suas
680 2749 799 2814 tenebo
827 2754 949 2814 secrete
973 2749 1065 2813 etad
1082 2770 1195 2813 eorum
1211 2749 1391 2834 dampnum
1407 2770 1452 2811 not
1463 2765 1551 2828 berny

338 2852 461 2916 “nulli
498 2852 651 2938 pandam,
687 2873 739 2916 me
778 2851 909 2916 sciente.
956 2850 1161 2915 Patrimonio
1190 2852 1280 2915 beati
1301 2852 1392 2916 Petri
1404 2829 1517 2945 {mel

337 2962 357 2992 “
379 2960 414 3019 et
429 2954 612 3040 specialiter
627 2953 720 3038 regni
737 2953 869 3040 Angliae
884 2960 919 3017 et
945 2954 1039 3039 regni
1064 2952 1236 3018 Hiberniae
1259 2953 1393 3039 adjutor

338 3064 356 3094 “
379 3077 435 3120 ero
458 3056 499 3120 ad
522 3056 765 3122 defendendum
790 3061 825 3121 et
848 3055 1030 3121 tenendum
1056 3063 1172 3122 contre
1198 3051 1309 3121 omnet
1333 3055 1392 3120 ho-

337 3165 354 3191 “
376 3159 480 3222 mines
504 3179 564 3244 pro
586 3178 679 3243 posse
695 3178 774 3222 meo.
815 3157 870 3222 Sic
886 3179 939 3222 me
955 3158 1036 3222 deus
1059 3158 1197 3243 adjuvet
1220 3164 1255 3222 et
1276 3163 1392 3224 sencte

336 3266 354 3292 “
377 3259 432 3323 dei
448 3258 646 3345 evangelia?

380 3359 499 3446 Sisque
523 3361 563 3425 de
590 3361 695 3425 libero
718 3382 834 3426 servus
871 3359 1008 3426 effectus
1036 3365 1095 3439 est,
1129 3367 1162 3426 et
1193 3360 1389 3427 beneficium
1401 3376 1549 3428 murtam

335 3463 552 3528 absolutionis
567 3464 654 3549 apud
672 3461 914 3548 Wyntoniam¹¹
940 3469 1141 3540 consecutus,
1157 3469 1192 3529 ct
1218 3463 1389 3530 interdicti
1401 3443 1530 3561 &2228

335 3565 494 3630 relaxatio
515 3564 605 3629 facta
627 3569 678 3630 est
700 3564 815 3630 statim
838 3564 1002 3628 incudem
1027 3585 1114 3629 anno
1136 3581 1276 3630 mccxru
1294 3571 1388 3630 sexto
1400 3577 1477 3626 slave.

335 3689 494 3732 nonarum
527 3666 612 3731 Julii
634 3665 718 3731 feria
753 3664 869 3743 senta,¹
899 3665 987 3731 facta
996 3665 1022 3703 ¹⁰
1054 3667 1147 3752 prius
1177 3668 1387 3734 restitutione

334 3769 472 3834 cuilibet
494 3766 656 3854 petenti.¹⁰
701 3767 744 3831 In
755 3767 779 3804 ¹¹
795 3767 984 3853 primordiis
999 3769 1091 3855 regni
1107 3769 1159 3832 sui
1174 3791 1233 3834 rex
1248 3769 1312 3834 iste
1329 3770 1384 3834 Jo·
1400 3782 1523 3898 Interdp't

1399 3864 1484 3898 femot'
1518 3888 1524 3899 .

367 4047 374 4080 ¹
393 4047 469 4098 Alter
491 4053 582 4097 cenem
603 4045 659 4095 MS.
679 4043 769 4095 inserts
788 4059 834 4095 nos
917 4042 929 4080 ⁷
945 4044 1081 4111 removere]
1104 4043 1170 4094 from
1185 4045 1233 4104 A,
1249 4061 1388 4108 remanere,

333 4130 455 4192 wrongly.
885 4122 942 4172 MS.

365 4205 505 4270 ²atiquid]
542 4203 641 4254 written
674 4203 754 4253 above
789 4203 833 4252 the
916 4201 1017 4267 lupuli
1042 4200 1216 4266 Wyatoniam]
1241 4203 1322 4252 above
1343 4202 1387 4252 tbe

331 4287 382 4337 line
394 4284 420 4335 in
432 4289 465 4336 A.
882 4278 935 4328 line
945 4278 972 4328 in
985 4281 1018 4332 Α,

364 4369 375 4402 ³
393 4367 476 4434 wius]
492 4367 559 4417 from
572 4365 624 4425 A.;
642 4365 704 4428 ejus,
715 4363 774 4414 MS.
915 4358 926 4390 ¹
942 4357 1030 4424 sexta]
1044 4374 1094 4408 orn.
1105 4357 1177 4418 MS.;
1195 4358 1241 4418 vi',
1252 4361 1287 4408 A.

364 4448 374 4480 ⁴
393 4447 503 4496 Hereon
515 4445 578 4494 both
587 4442 700 4507 margins
711 4441 733 4490 is
747 4440 832 4490 Juru·
917 4437 937 4469 ¹⁰
946 4439 1027 4500 fucta
1047 4471 1055 4487 .
1073 4472 1079 4485 .
1099 4473 1105 4486 .
1121 4437 1234 4503 petenti]
1245 4439 1328 4486 above
1342 4439 1386 4488 the

328 4531 432 4575 mentum
439 4524 577 4588 fidelitatis
589 4538 648 4571 rua.
882 4504 935 4566 line
946 4516 974 4565 in
985 4517 1019 4564 A.

362 4605 372 4636 ⁵
389 4602 487 4668 animo]
501 4601 559 4652 MS.
572 4601 619 4650 lms
631 4603 713 4659 antea,
726 4599 776 4647 and
788 4596 831 4646 the
918 4593 935 4626 ¹¹
954 4595 1024 4644 llere
1036 4609 1070 4642 on
1081 4593 1145 4644 both
1155 4593 1269 4660 mer-gine
1280 4593 1302 4644 is
1317 4596 1386 4656 Quo·

326 4691 382 4733 text
394 4682 424 4732 ol
432 4683 466 4732 A.
477 4682 550 4730 looks
562 4679 614 4728 like
626 4693 714 4726 nucea.
881 4672 952 4723 modo
960 4671 1079 4736 perdidit
1090 4671 1285 4724 Normcnm'um.

359 4763 370 4794 ¹
390 4760 475 4826 beato]
490 4759 553 4809 from
566 4759 616 4818 A.;
633 4755 711 4815 honre,
723 4756 779 4804 MS.
