3625 5784
636 894 908 945 rrnrorsranrrsrs
932 894 1143 944 orraonrcorr.
1358 884 1419 945 285

370 1102 453 1167 quos
466 1079 539 1166 ejus
554 1078 633 1171 quia
647 1078 827 1145 noluerunt
840 1099 1011 1144 assensum
1021 1079 1036 1117 '¹
1056 1078 1202 1164 praebere
1217 1080 1422 1145 coronationi

370 1184 448 1268 ejus.
504 1180 658 1265 Contigit
688 1180 789 1245 etiarn
820 1180 909 1265 quod
940 1180 1003 1245 iste
1034 1180 1145 1245 David
1178 1186 1327 1245 mortuus
1362 1186 1421 1260 est,
1434 1192 1555 1272 children

370 1292 405 1351 et
433 1284 553 1350 habuit
582 1289 650 1348 tres
679 1282 765 1347 filias
793 1282 974 1347 secundum
996 1280 1098 1347 seculi
1120 1281 1244 1347 fastum
1267 1260 1558 1377 altissimiffld

370 1386 541 1452 maritatas
563 1386 601 1450 in
623 1384 744 1461 Scotia,
767 1383 893 1450 seilicet
924 1404 991 1448 una
1023 1381 1293 1461 Bali010,altera
1323 1385 1418 1466 Broc,
1435 1344 1565 1464 Huniing·

371 1494 406 1554 et
427 1488 527 1554 tertia
549 1487 592 1553 ed
615 1486 798 1571 Hostingis.
845 1485 890 1551 Et
912 1486 969 1550 isti
992 1490 1059 1549 tres
1083 1485 1245 1551 miserunt
1266 1486 1421 1552 clamium
1434 1462 1494 1513 ‘¹⁰¹¹‘

371 1590 407 1654 in
437 1609 538 1675 regno
569 1588 690 1654 Scotiae
720 1608 818 1654 causa
856 1607 1000 1652 uxorum
1040 1607 1183 1663 suarum,
1227 1592 1261 1651 et
1299 1609 1420 1673 magna

372 1692 536 1759 discordia
550 1695 624 1757 orta
645 1694 697 1755 est
719 1689 797 1754 inde
812 1687 900 1753 inter
923 1709 986 1754 eos.
1033 1687 1122 1753 Nam
1146 1689 1287 1773 quilibet
1310 1712 1423 1755 eorum

371 1795 480 1859 voluit
508 1815 578 1859 esse
608 1814 677 1871 rex,
706 1798 741 1857 et
769 1813 907 1878 regnum
938 1812 1005 1855 non
1036 1790 1153 1855 debuit
1184 1791 1300 1869 dividi,
1332 1794 1419 1859 unde
1435 1812 1518 1888 mres

371 1895 478 1961 multa
500 1894 676 1961 homicidia
698 1898 734 1960 et
755 1893 821 1959 alia
843 1892 931 1958 mela
946 1899 1128 1958 evenerunt
1151 1894 1259 1959 medio
1275 1899 1422 1982 tempore
1435 1879 1568 1994 purasne

367 1999 408 2063 'in
438 2018 539 2083 regno
579 1995 707 2073 Scotiae‚
737 2000 773 2060 et
809 1994 922 2058 nullus
953 2014 1066 2059 eorum
1105 1994 1216 2059 voluit
1255 2016 1423 2061 assensum
1436 1960 1534 2087 ciborii,

372 2098 526 2186 praebere,
567 2119 666 2183 super
705 2117 770 2181 quo
811 2117 870 2185 rex
911 2094 1097 2160 Edwardus
1139 2096 1266 2181 pietate
1310 2102 1423 2163 motus

373 2198 562 2267 ordinavit²
590 2200 846 2285 parliamentum
876 2218 974 2262 suum
1000 2197 1089 2282 apud
1120 2196 1424 2285 Northamptonam

373 2323 461 2368 anno
491 2300 585 2387 regni
615 2301 667 2365 sni
697 2299 861 2365 vicesimo.
912 2297 958 2362 Et
987 2296 1035 2361 ibi
1058 2297 1226 2364 affuerunt
1255 2299 1328 2363 illi³
1357 2306 1425 2366 tres

375 2404 567 2469 clamatores
607 2402 701 2487 regni
740 2404 892 2487 petentes
922 2422 943 2464 a
974 2420 1050 2485 rege
1077 2399 1242 2484 judicium
1273 2401 1425 2469 veritatis
1439 2426 1593 2477 retirement

376 2510 411 2570 et
439 2504 609 2590 aequitatis
639 2504 680 2569 de
719 2524 821 2589 regno
859 2502 913 2569 cui
944 2501 1119 2567 deberetur
1150 2502 1232 2581 dari,
1267 2504 1324 2569 sed
1366 2526 1425 2570 rex
1438 2494 1572 2610 athorph-

375 2607 486 2673 noluit
514 2606 602 2672 ferre
632 2606 802 2673 decretum
832 2625 930 2669 suum
961 2604 997 2668 in
1027 2624 1125 2669 causa
1163 2606 1331 2692 praedicta,
1361 2608 1427 2672 nisi
1439 2576 1499 2624 amp
1546 2597 1551 2609 ’

376 2710 469 2797 prius
510 2708 658 2775 iacerent
688 2708 787 2773 fidem
829 2712 917 2773 stare
953 2706 1080 2792 judicio
1110 2728 1178 2785 suo,
1211 2712 1246 2773 et
1275 2709 1427 2796 deinceps

376 2814 621 2899 imperpetuum
652 2832 687 2875 se
717 2810 903 2895 obligarent
926 2809 1096 2874 decretum
1130 2810 1202 2895 ejus
1233 2832 1301 2877 non
1332 2834 1426 2879 revo-

377 2918 528 2991 caturos3
562 2933 662 2999 super
692 2931 759 2997 quo
793 2910 899 2995 xxiiij.
934 2910 976 2975 de
1010 2910 1298 2977 excellentioribus
1332 2915 1426 3001 regni

262 3064 265 3067 -
376 3018 528 3084 iecerunt
565 3036 669 3081 unum
718 3013 953 3103 obligatorium
991 3012 1108 3101 sigillis
1146 3015 1214 3081 suis
1251 3017 1427 3103 signatum,

377 3120 467 3205 quod
511 3119 694 3204 cuicunque
727 3116 784 3202 jus
822 3116 917 3201 regni
956 3136 1015 3201 per
1059 3116 1225 3181 decretum
1272 3119 1427 3185 Edwardi

277 3298 282 3308 ¹
378 3220 605 3307 adjudicatum
643 3218 746 3284 fuerit
783 3218 824 3282 de
858 3216 967 3282 tribus
1000 3216 1233 3285 clamatoribus
1270 3227 1430 3308 perpetua
1442 3256 1515 3320 They
1526 3271 1570 3307 aro

379 3321 581 3388 successione
619 3320 660 3385 de
698 3340 774 3405 rege
811 3317 943 3404 Angliae
982 3318 1076 3383 velut
1110 3319 1151 3385 de
1185 3340 1245 3387 suo
1277 3344 1428 3409 supremo
1442 3324 1513 3373 ‘⁰¹³0

382 3424 515 3490 domino
559 3422 681 3487 futuris
732 3420 936 3507 temporibus
986 3421 1225 3488 inviolabiliter
1278 3430 1406 3492 teneret
1422 3390 1574 3521 fflfflgiriy
1634 3464 1635 3474 κ

380 3524 537 3592 videlicet
559 3529 703 3610 quatuor
732 3523 886 3609 episcopi,
909 3522 1045 3588 comites
1067 3524 1124 3609 vij.
1148 3525 1287 3591 barones
1318 3526 1430 3594 decem
1443 3523 1532 3601 warns

381 3634 416 3694 et
437 3628 548 3713 plures
579 3625 639 3692 alii
672 3626 713 3690 de
745 3624 993 3710 praenominatis
1025 3627 1139 3712 regni3
1161 3628 1341 3715 statimque
1371 3652 1430 3696 rex
1444 3591 1564 3640 decaron.

380 3750 440 3815 pro
462 3727 594 3795 certiori
616 3726 681 3792 fide
711 3726 864 3792 habenda
895 3726 977 3793 fecit
1000 3748 1143 3813 quaerere
1178 3737 1212 3795 et
1243 3732 1431 3799 examinaro

382 3851 495 3896 ornnes
518 3828 687 3895 chronicas
709 3828 745 3893 in
768 3828 936 3893 abbathiis
959 3833 994 3893 et
1015 3830 1142 3896 cunctis
1165 3831 1243 3898 loeis
1266 3833 1359 3921 regni
1374 3856 1433 3920 per

382 3934 495 3998 datam
527 3931 714 4019 quindecim
753 3952 868 4017 regum
908 3930 1028 3997 Scotiae
1067 3933 1330 4017 praecedentium.
1386 3935 1431 4002 Et

383 4039 587 4122 compertum
610 4033 771 4118 estquod
794 4032 851 4098 isti
874 4037 941 4097 tres
967 4032 1160 4100 clamatores
1194 4036 1433 4103 descenderunt
1452 4104 1454 4110 ,

381 4137 422 4203 de
444 4136 553 4201 tribus
574 4134 753 4210 sororibus,
777 4139 812 4199 et
843 4134 1012 4199 «lohannes
1042 4134 1083 4199 de
1117 4134 1245 4201 Baliolo
1267 4138 1361 4203 venit
1391 4139 1431 4204 de

381 4240 509 4306 seniore
542 4258 665 4315 eorum,
698 4238 809 4322 sicque
842 4236 1027 4302 Edwardus
1064 4238 1197 4303 saisitus
1218 4244 1268 4304 est
1302 4240 1338 4305 in
1360 4246 1432 4308 toto

380 4362 482 4429 regno
505 4340 627 4407 Scotiae
648 4344 689 4404 ut
712 4339 867 4405 dominus
888 4360 1071 4425 supremus,
1086 4345 1121 4405 et
1143 4360 1256 4406 omnes
1283 4362 1432 4427 proceres

413 4492 582 4559 ¹cccemm]
593 4494 676 4542 added
684 4491 881 4543 thoretheline.
933 4491 1015 4543 which
1035 4492 1062 4542 in
1080 4506 1151 4543 some
1173 4494 1274 4557 printed
1295 4502 1363 4546 texts
1386 4496 1433 4549 has

413 4570 425 4604 ²
440 4572 508 4623 Here
524 4586 558 4621 on
574 4569 673 4637 margin
688 4569 711 4619 is
724 4570 882 4621 Pariiamea·
932 4572 997 4622 been
1008 4572 1082 4622 made
1093 4570 1148 4621 into
1159 4570 1370 4635 nonientana
1382 4578 1432 4627 will

380 4656 431 4701 twa
450 4647 744 4717 apesgrvoriaaepm.
789 4648 842 4700 But
861 4649 881 4700 it
933 4656 1042 4701 account
1060 4650 1101 4701 ior
1120 4651 1164 4702 the
1180 4651 1289 4703 errorin
1305 4654 1432 4709 theMss.

381 4728 464 4781 would
486 4743 583 4794 appear
609 4728 665 4778 that
689 4726 880 4795 Norihorrpion
933 4729 1113 4796 oiKnightou.

380 4808 443 4859 both
465 4822 498 4857 ou
518 4806 617 4873 margin
634 4807 686 4857 and
703 4805 732 4856 in
750 4806 845 4857 textis
865 4822 881 4857 a
967 4807 1047 4877 8ιἹΙί]
1068 4808 1151 4862 added
1166 4813 1248 4866 abore
1264 4814 1434 4870 thennesus

380 4884 678 4938 mietakeforNortcm·
711 4884 882 4951 mwming-
932 4890 1156 4955 byalaterhand.

380 4966 442 5017 ham
455 4965 486 5031 (i.
498 4966 545 5029 tt)
556 4965 601 5019 the
611 4972 666 5019 text
681 4964 729 5017 has
742 4962 881 5029 Neritum,
