3625 5784
629 897 901 948 immersurus
925 899 1136 963 cnuourcou.
1349 894 1414 962 325

361 1088 381 1115 “
405 1092 570 1164 portionem
607 1098 660 1149 eut
696 1099 816 1166 quotum
852 1094 978 1169 exigunt
1015 1103 1046 1154 et
1083 1102 1266 1171 extorquent,
1305 1116 1411 1171 eosque

361 1178 380 1203 “
404 1182 568 1237 moliuntur
599 1183 759 1240 multifarie
793 1185 923 1241 subicere
953 1186 1087 1242 servituti
1110 1193 1140 1244 et
1170 1204 1231 1244 suec
1265 1180 1410 1245 subdere1

361 1267 381 1293 '⁸
405 1269 519 1329 ditioni.
567 1274 617 1340 Et,
634 1273 713 1345 quod
735 1273 859 1329 dolendo
881 1275 1045 1342 referimus,
1062 1277 1199 1333 nonnulli
1221 1278 1409 1334 ecclesiarum

361 1358 380 1382 ⁸¹
404 1360 521 1431 prteleti
541 1361 802 1434 ecclesiasticasque
824 1381 955 1435 personas
985 1365 1164 1437 trepidantes
1186 1366 1237 1421 ubi
1259 1368 1410 1439 trepiden-

360 1445 379 1471 “
404 1447 475 1504 dum
497 1468 558 1507 nou
577 1456 633 1517 eet,
656 1451 855 1507 transitorium
869 1471 971 1524 pacem
994 1460 1167 1526 quaerentes,
1190 1456 1258 1528 plus
1272 1457 1410 1512 timentes

361 1534 380 1559 “
404 1536 586 1609 majestatem
617 1542 807 1612 temporalem
841 1542 988 1598 offendere
1010 1561 1099 1615 quum
1131 1559 1280 1611 aeternum,
1304 1546 1409 1601 talium

361 1624 380 1649 ‘⁶
404 1619 564 1684 sbusibus²
584 1648 644 1685 non
661 1635 724 1686 tem
745 1632 899 1687 temerarie
922 1648 1009 1705 quem
1032 1632 1184 1704 inprovide
1207 1633 1408 1706 adquiescunt,

362 1713 381 1738 “
405 1717 481 1772 sedis
496 1719 664 1791 apostolicus
678 1710 875 1775 auctoritate³
896 1738 957 1777 uon
979 1725 1107 1793 optentu.
1155 1722 1218 1779 Nos
1233 1722 1326 1794 igitur
1340 1722 1410 1779 teli·

362 1803 381 1828 “
404 1798 484 1861 bus⁴
505 1808 619 1863 actibus
641 1808 758 1864 obvisre
780 1809 911 1865 volentes
945 1810 981 1865 de
1004 1812 1128 1867 fratrum
1151 1817 1318 1868 nostrorum
1341 1829 1408 1868 con·

362 1892 380 1917 “
404 1896 471 1951 silio
507 1898 666 1969 spostolics
701 1898 877 1954 auctoritate
914 1899 1079 1965 statuimus,
1119 1900 1197 1973 quod
1235 1901 1410 1973 quicumque

361 1982 379 2007 '⁶
404 1986 520 2058 prelati
557 1987 799 2043 ecclesiasticum
836 2004 976 2059 perscnae,
1009 1989 1141 2060 religiosi
1178 1990 1226 2045 vel
1264 1990 1408 2046 seculares

361 2072 380 2097 “
404 2092 655 2147 quorumcumque
684 2076 831 2143 ordinum,
855 2077 1032 2133 conditionis
1055 2079 1116 2135 sive
1147 2083 1251 2144 status
1276 2080 1410 2135 collectus

361 2162 380 2187 “
403 2165 452 2220 vel
473 2166 581 2231 tullius,
605 2165 768 2231 dimidium,
785 2165 937 2232 decimum,
960 2166 1130 2223 vicesimum
1152 2186 1204 2223 seu
1223 2170 1410 2224 centesimum

360 2250 380 2276 ‘⁸
404 2270 522 2309 suorum
545 2259 576 2309 et
596 2255 783 2310 ecclesiarum
819 2272 937 2310 sucrum
971 2261 1165 2327 proventuum
1187 2258 1235 2313 vel
1270 2257 1410 2313 bonorum

360 2340 381 2365 “
404 2343 487 2399 luicis
510 2334 674 2399 solverint⁶
695 2344 743 2399 vel
758 2361 789 2400 se
811 2345 958 2399 soluturos
981 2346 1185 2412 concesserint,
1210 2351 1262 2402 eut
1277 2346 1409 2419 quemvis

361 2430 381 2455 “
403 2433 492 2488 elium
531 2433 735 2504 quantitatem,
782 2432 945 2505 portionem
968 2439 1020 2489 eut
1057 2425 1236 2507 quicquem⁶
1280 2434 1410 2507 ipsorum

361 2518 380 2543 ‘⁸
403 2526 600 2594 proventuum
615 2522 663 2578 vel
684 2522 827 2578 bonorum
843 2512 1092 2580 mstimetionem⁷
1114 2523 1161 2580 vel
1183 2524 1312 2579 relorem
1334 2524 1409 2597 ipso-

361 2609 380 2633 “
403 2628 481 2678 rum,
506 2612 559 2667 sub
581 2609 732 2681 adjutorii,
755 2610 862 2678 mutui,
886 2611 1098 2679 subventionis,
1123 2612 1244 2668 subsidii
1266 2614 1314 2669 vel
1341 2614 1410 2669 doni

361 2699 380 2723 “
403 2700 533 2766 nomine,
572 2718 624 2755 seu
655 2700 759 2772 quovis
789 2700 847 2755 elio
880 2690 992 2756 titulo8
1013 2701 1061 2756 vel
1091 2701 1179 2757 modo
1205 2702 1253 2757 vel
1287 2703 1410 2772 quaesitc

360 2787 379 2812 ‘⁶
404 2789 499 2845 colore
528 2790 637 2861 ubsque
663 2790 838 2845 auctoritate
860 2790 939 2845 sedis
961 2789 1112 2860 ejusdem;
1139 2808 1254 2845 necnon
1285 2790 1412 2862 impera·

362 2878 381 2902 “
405 2883 492 2944 tores,
538 2896 632 2949 reges,
671 2896 722 2934 seu
759 2879 917 2951 principes,
957 2879 1055 2944 duces,
1103 2896 1153 2934 seu
1198 2880 1317 2935 comites
1361 2880 1410 2935 vel

362 2968 382 2993 “
404 2967 536 3034 barones,
559 2956 717 3039 proceres,⁰
749 2966 905 3039 capitanei,
931 2968 1067 3023 officiales
1100 2968 1148 3023 vel
1179 2972 1306 3024 rectores
1337 2986 1408 3040 quo·

361 3058 381 3081 ‘⁶
405 3074 530 3127 cumque
574 3056 695 3112 nomine
733 3062 917 3123 censeantur,
956 3056 1120 3124 civitatum,
1156 3062 1328 3124 nestrorum,
1362 3058 1410 3113 vel

361 3145 380 3170 ‘⁸
404 3162 654 3217 quorumcumque
687 3146 817 3201 locorum
839 3146 1064 3201 constitutorum
1098 3145 1231 3213 ubilibet,
1255 3152 1286 3203 et
1315 3147 1411 3219 quivis

361 3235 380 3259 ‘⁴
405 3235 481 3290 elius
503 3234 701 3307 cujuscunque
716 3225 984 3307 prruominentise,1⁰
1007 3234 1182 3291 conditionis
1198 3240 1228 3290 et
1250 3240 1343 3291 stetus
1359 3236 1411 3307 qui

362 3324 380 3348 ‘⁴
404 3324 477 3379 teliu
510 3324 703 3395 imposuerint
732 3329 763 3380 ct
793 3325 944 3395 exegerint
973 3325 1022 3381 vel
1052 3323 1224 3396 receperint,
1248 3330 1299 3379 cut
1333 3324 1411 3397 opud

362 3414 380 3437 ‘⁶
405 3412 481 3469 mdes
503 3430 598 3469 sacres
620 3413 751 3485 deposita
772 3414 959 3469 ecclesiarum
981 3415 1029 3470 vel
1060 3413 1322 3469 ecclesiasticorum
1344 3432 1410 3486 per·

361 3503 380 3527 ‘⁶
404 3519 541 3558 cenerum
563 3502 687 3558 ubilibet
709 3502 910 3570 cresteverint,
935 3504 1079 3559 seisierint
1102 3520 1152 3558 seu
1175 3521 1314 3575 occupare
1336 3521 1410 3575 prm·

361 3591 380 3617 “
404 3592 591 3663 sumpserint,
624 3591 672 3647 vel
694 3592 826 3659 mesteri,
849 3592 943 3648 seisiri
966 3593 1013 3647 vel
1036 3593 1170 3665 occuper-i
1197 3592 1410 3661 mandaverint,

360 3681 379 3707 “
403 3686 455 3735 eut
472 3685 622 3752 occupate,
647 3680 747 3736 scisite
768 3698 819 3736 seu
841 3685 967 3736 erestetc
981 3682 1151 3754 receperint,
1175 3700 1289 3737 necnon
1312 3698 1412 3739 omnes

360 3771 380 3795 “
404 3770 455 3842 qui
477 3769 602 3826 scienter
623 3770 656 3825 in
678 3769 827 3841 predictis
848 3770 983 3826 dederint
1005 3772 1168 3836 consilium,
1193 3771 1335 3827 auxilium
1364 3772 1412 3828 vel

303 3923 307 3932 .
359 3859 379 3886 ‘⁸
402 3858 532 3914 favorem
552 3858 669 3932 publice
683 3859 731 3915 vel
753 3860 875 3926 occulte,
896 3878 931 3915 eo
946 3858 1009 3932 ipsc
1024 3862 1198 3917 sententium
1213 3862 1411 3919 excommuni-

360 3949 379 3973 “
403 3948 526 4003 cationis
547 3948 707 4004 incurrent.
752 3948 965 4005 Universitutes
1000 3966 1065 4021 qum
1097 3949 1130 4004 in
1163 3949 1220 4004 hiis
1254 3949 1413 4021 culpabiles

360 4038 380 4062 ‘⁶
403 4038 514 4092 fuerint
528 4036 722 4094 ecclesiastico
737 4037 926 4110 supponimus
942 4039 1105 4094 interdicto.
1144 4038 1276 4093 Praelstis
1299 4043 1329 4093 et
1347 4055 1413 4109 per·

360 4128 380 4151 “
404 4125 482 4181 sonis
515 4126 719 4182 ecclesiasticis
755 4128 788 4181 in
824 4126 935 4182 virtute
969 4127 1141 4183 obedientie
1165 4132 1195 4182 et
1222 4127 1275 4181 sub
1299 4127 1413 4198 deposi-

392 4411 401 4443 ¹
417 4410 569 4471 submittere,
579 4412 612 4461 R.
948 4408 959 4443 ⁶
976 4409 1122 4475 quicquum]
1142 4418 1254 4475 quotum,
1266 4411 1299 4461 B.

391 4490 403 4523 ²
417 4491 505 4541 uritur
515 4490 537 4541 is
549 4506 583 4542 on
594 4492 637 4542 the
647 4490 698 4542 line
709 4489 736 4541 in
747 4490 790 4553 A,
801 4488 863 4540 with
948 4487 959 4527 7
975 4490 1149 4540 restinctionis
1159 4490 1200 4540 vet
1208 4490 1313 4552 salom,
1324 4491 1357 4541 R.

357 4569 505 4621 ctwritten
515 4585 578 4620 over
587 4568 616 4619 it.
947 4566 1059 4631 ⁸titulo,
1070 4568 1120 4630 R.;
1138 4568 1234 4628 timore,
1245 4568 1325 4621 MSS.

389 4648 401 4680 ⁸
416 4664 459 4699 m
471 4648 584 4709 licentia,
596 4648 654 4698 edd.
667 4649 699 4699 R.
948 4644 959 4677 ⁹
974 4652 1123 4710 potestates,
1134 4647 1168 4703 R.

389 4728 400 4763 ⁴
417 4728 521 4791 inique,
532 4728 591 4777 cdd.
603 4725 635 4776 R.
948 4724 969 4757 ¹⁰
983 4727 1188 4792 praeminentia,
1205 4726 1252 4788 R.;
1266 4727 1413 4794 provincie,

389 4806 400 4839 ⁶
416 4805 708 4873 salmanticensem.
720 4805 754 4853 R.
916 4804 992 4857 MSS.
