3625 5784
617 944 885 998 unicissimum
908 945 1118 997 cultomcon.
1346 935 1387 996 15

326 1133 364 1200 in
386 1155 507 1220 equum
531 1133 726 1210 Themesiae,
746 1138 781 1199 et
816 1139 967 1200 mortuus
989 1141 1050 1202 est.
1095 1135 1214 1201 Postea
1236 1132 1388 1200 Cuuutus
1401 1153 1524 1204 cenum·

327 1236 418 1302 vixit
452 1257 513 1322 per
536 1257 591 1300 xx.
615 1257 729 1314 annos,
752 1243 786 1302 et
819 1243 894 1323 post
917 1236 1098 1304 celebravit
1130 1235 1387 1322 parliamentum
1401 1219 1559 1338 fffiffffi

329 1339 421 1426 apud
443 1337 618 1414 Oxoniom,
648 1337 707 1403 ubi
731 1337 832 1424 Angli
865 1337 964 1403 simui
997 1343 1032 1404 et
1063 1338 1152 1404 Dani
1187 1337 1227 1400 de
1259 1335 1389 1422 legibus

331 1438 454 1526 Edgori
477 1439 691 1506 observandis
715 1439 891 1506 concordes
914 1444 995 1505 sunt
1016 1439 1135 1506 offecti.

379 1550 509 1607 Csnutus
541 1548 664 1606 adduxit
698 1549 819 1606 Deoism
851 1549 995 1622 Anglioos
1028 1549 1137 1607 seeum‘
1162 1559 1265 1609 oontro
1298 1552 1387 1610 Wun-

334 1637 444 1696 delioos
466 1638 523 1695 sibi
553 1638 685 1704 infestos,
709 1639 787 1693 undo
822 1645 907 1694 noeto
941 1640 1053 1696 bellum
1085 1640 1268 1713 proeoedento
1291 1640 1385 1713 Angli

333 1729 407 1784 duoe
430 1728 580 1802 Godwyno
612 1726 705 1784 insoio
737 1745 807 1798 rege
840 1727 990 1799 inproviso
1022 1729 1119 1786 hostes
1150 1731 1328 1802 fugaverunt
1358 1737 1388 1787 et

333 1819 540 1890 disperserunt.
585 1816 671 1874 Unde
705 1833 756 1871 rex
787 1817 892 1872 hebuit
914 1816 1052 1890 deinceps
1073 1818 1187 1891 Angloe
1209 1820 1242 1876 in
1274 1839 1388 1876 summo

330 1909 447 1965 honore.
479 1897 713 1962 Bristhwoldus¹
729 1906 891 1962 monuohus
907 1905 1119 1963 Glustoniensis
1134 1909 1186 1980 qui
1200 1911 1387 1982 postmodum

332 1997 391 2051 fnit
423 1995 535 2068 primus
567 1995 720 2068 episcopus
751 1995 957 2052 wiltoniensis
989 1996 1059 2052 dum
1091 2000 1315 2071 oontemplsndo
1337 2019 1386 2056 oo·

331 2085 440 2158 gimmt
462 2086 498 2141 de
528 2085 611 2156 regio
642 2085 733 2156 stirpe
756 2084 924 2154 Anglorum
955 2103 1039 2157 paene
1062 2091 1134 2142 tuno
1163 2087 1269 2156 deletu,
1300 2107 1387 2162 sopor

331 2175 421 2230 irruit
451 2175 484 2230 in
506 2192 584 2240 eum,
620 2179 650 2230 et
683 2173 760 2229 vidit
792 2174 913 2230 Petrum
937 2174 1101 2246 apostolum
1135 2195 1224 2232 monn
1259 2197 1312 2234 suo
1342 2184 1386 2234 to·

330 2281 402 2320 nere
426 2263 603 2320 Edwardum
631 2261 724 2318 filium
761 2263 901 2334 Egelredi
924 2263 957 2319 in
986 2263 1170 2321 Normsnnis
1191 2285 1226 2322 eo
1256 2273 1387 2339 temporo

331 2353 507 2420 exulantem,
531 2351 563 2407 in
598 2369 697 2424 regem
730 2369 907 2419 oonsoorsre,
939 2369 973 2408 so
1006 2353 1192 2411 sonotitstem
1225 2354 1288 2428 ejus
1319 2375 1386 2413 oum

331 2459 453 2499 numero
474 2439 557 2512 xxiij.
589 2459 732 2497 annorum
755 2441 860 2512 quibus
890 2447 1066 2513 regnaturus
1089 2448 1152 2499 emt
1180 2445 1266 2517 plene
1288 2451 1385 2502 osten·

331 2532 406 2588 dero.
453 2531 614 2587 idoneobus
637 2530 673 2586 do
703 2531 872 2602 posteritate
902 2531 1039 2587 Edwardi
1060 2537 1091 2588 et
1121 2535 1301 2592 suooemione
1323 2535 1386 2606 ejus

331 2620 410 2692 regis
424 2619 588 2692 inquisivit.
623 2619 785 2692 Respondit
799 2620 916 2686 Petrus,
941 2621 960 2646 ‘⁴
976 2621 1112 2693 Regnum
1127 2623 1246 2694 Angiiae
1261 2641 1385 2696 regnum

332 2711 352 2737 ‘¹
377 2709 424 2766 dei
447 2714 501 2776 est,
524 2713 591 2781 post
614 2708 704 2764 istum
728 2707 893 2780 providebit
923 2709 1024 2766 deus.'’
1071 2712 1232 2783 Egelnotus
1256 2713 1384 2770 contus·

332 2800 436 2854 riensis
458 2797 692 2871 archiepiscopus
715 2797 751 2852 de
767 2797 861 2854 Roma
883 2798 1004 2854 veniens
1026 2799 1107 2871 opud
1140 2801 1262 2873 Pupium
1284 2803 1385 2858 urbem

332 2887 482 2944 brachium
505 2888 597 2943 esnoti
622 2886 784 2957 Augustini
817 2886 943 2944 dootoris
966 2894 1085 2944 eentum
1116 2890 1235 2945 talentis
1269 2893 1385 2960 urgenti

331 2985 363 3032 et
385 2995 442 3033 uno
465 2977 575 3032 tolento
598 2978 663 3032 ouri
686 2976 873 3047 comparavit,
898 2979 976 3048 quod
997 2995 1096 3034 umore
1119 2977 1244 3035 Loofriei
1271 2980 1387 3035 comitis

332 3063 536 3122 Consenti-ium
559 3065 650 3122 misit.

747 3517 861 3605 [oie.
887 3517 985 3602 ΝΡ

180 3680 186 3694 '
332 3681 540 3837 ⁸Riourdus
562 3693 715 3759 seoundus,
739 3693 798 3748 dux
828 3691 883 3762 iiij.
907 3689 1108 3756 Normonnius
1139 3691 1222 3758 obiit,
1245 3692 1292 3746 oni
1323 3711 1387 3750 suo·

471 3783 559 3839 cessit
580 3781 723 3838 Rioordns
754 3781 831 3836 fitius
856 3797 927 3836 snus
958 3778 1013 3850 iij„
1036 3781 1096 3834 dux
1126 3798 1153 3836 v.
1183 3779 1385 3850 Nomonnise,

332 3888 417 3943 quem
451 3877 518 3944 poet
551 3889 661 3928 annum
694 3872 740 3926 sui
772 3870 894 3925 ducatus
926 3871 1017 3925 irater
1047 3886 1118 3925 suus
1148 3868 1251 3941 junior
1272 3889 1385 3928 veneno

331 3959 466 4027 extinxit,
499 3961 577 4017 unde
600 3961 678 4016 idem
701 3959 791 4016 freter
828 3975 897 4014 suus
922 3949 1120 4028 [Robertus]⁴
1141 3960 1261 4017 nomine
1290 3961 1384 4018 eidem

332 4051 476 4108 suooessit.
522 4050 594 4106 Post
625 4049 782 4120 septimum
812 4047 935 4104 duoetns
967 4047 1013 4103 sui
1046 4065 1157 4104 annum
1190 4049 1276 4106 eorde
1306 4068 1385 4106 oom-

332 4144 456 4210 pnnetus
495 4139 620 4211 nudipes
658 4137 866 4212 Ierosolymsm
904 4137 961 4194 isit
993 4137 1165 4210 peregrinus
1196 4144 1228 4194 et
1264 4137 1386 4196 Bitinioe

332 4228 412 4285 obiit.

150 4307 237 4372 ffissd·
250 4306 298 4357 '55-
376 4317 531 4375 't'mnsieue
562 4316 618 4373 iste
642 4317 784 4374 Robertus
806 4316 964 4389 aliquando
994 4333 1047 4388 per
1073 4305 1263 4371 Phulesiem⁸
1283 4316 1386 4371 urbem

151 4378 286 4426 999999·
332 4403 520 4464 normannie
557 4405 634 4462 vion
671 4405 799 4479 paenam
836 4406 926 4463 nnec
962 4404 1081 4466 nomme
1115 4403 1250 4476 pompm
1281 4403 1384 4471 num,

366 4645 373 4678 ¹
392 4641 572 4702 Brtttwoldus,
585 4641 663 4708 Higd.
915 4640 927 4672 ⁴
943 4639 1021 4690 From
1044 4641 1096 4700 A.;
1121 4638 1221 4689 written
1244 4655 1305 4691 over
1321 4641 1346 4693 in
1370 4659 1385 4694 s

365 4723 466 4774 ²1nom
478 4723 514 4775 A.
882 4718 947 4770 lutet
958 4718 1027 4768 hond
1038 4717 1066 4766 in
1078 4717 1137 4770 ΜΒ.

365 4801 376 4834 ³
391 4801 487 4853 Fourth
507 4802 580 4852 letter
591 4799 622 4850 ot
636 4799 679 4851 the
691 4797 833 4863 compiler’s
916 4795 927 4826 ⁵
948 4795 1104 4859 Phaloriam,
1116 4795 1175 4851 ΜΒ.
1185 4800 1238 4850 ond
1249 4799 1282 4850 Δ.

334 4894 412 4930 neme.
