3625 5784
427 853 469 918 74
768 859 914 908 nesarci
941 857 1121 908 aaronica*

426 1077 491 1117 rum
514 1063 702 1127 suscitantur,
733 1062 812 1133 quia,
840 1065 875 1115 ut
906 1061 949 1114 sit
971 1059 1116 1124 Lucanus,
1140 1059 1233 1115 nescit
1268 1060 1349 1132 plebs
1377 1059 1480 1132 jejuna

425 1149 536 1208 timere.
580 1153 652 1206 Post
670 1149 770 1223 jurgia
791 1155 912 1206 ventum
939 1153 983 1205 ast
1005 1147 1043 1203 ad
1073 1167 1163 1204 mma.
1210 1149 1308 1204 Abbas
1330 1149 1381 1205 ille
1412 1169 1478 1207 cum

425 1241 600 1297 satellitibus
621 1241 683 1296 suia
712 1245 825 1295 armata
846 1255 937 1294 mauu
972 1237 1003 1293 in
1036 1238 1191 1318 monachos
1225 1237 1322 1305 irruit,
1345 1240 1418 1296 duos
1441 1241 1478 1296 ad

426 1327 604 1402 crepidinem
626 1330 727 1385 altaris
757 1327 874 1392 occidit.
905 1328 948 1384 28.
971 1327 1147 1392 vulneravit,
1179 1327 1303 1398 sagittas
1329 1334 1359 1384 et
1378 1327 1477 1400 jacula

424 1421 462 1475 ad
488 1420 641 1492 ymagines
671 1424 701 1474 et
731 1418 839 1473 feretra
875 1415 1005 1472 acclesiae
1037 1415 1152 1472 direxit.
1210 1416 1346 1474 Monaehi
1379 1423 1475 1474 autem

426 1521 564 1580 tauquam
586 1507 759 1564 necessitate
785 1505 929 1578 compulsi
951 1505 1117 1576 ubicunque
1149 1510 1283 1576 poterant
1314 1524 1345 1562 se
1376 1506 1477 1563 deien-

424 1599 526 1654 dentes
556 1615 623 1653 cum
657 1595 784 1652 scamma
815 1603 846 1651 et
879 1593 1060 1650 candelabris
1092 1594 1231 1665 quosdam
1264 1595 1300 1651 ds
1331 1593 1476 1654 militibus

424 1689 661 1744 vulneraverunt.
718 1683 797 1740 Hinc
830 1688 911 1740 moto
940 1681 1054 1753 judicio
1087 1701 1185 1738 eoram
1216 1701 1285 1756 rege
1317 1685 1404 1740 abbas
1438 1687 1475 1741 ad

424 1776 632 1832 monasterium
666 1791 752 1830 suum
784 1774 816 1828 in
848 1771 1031 1828 Normannia
1062 1772 1221 1828 translatus
1252 1779 1306 1838 est,
1339 1775 1475 1830 monaehi

424 1883 493 1921 vero
511 1863 597 1936 jussu
616 1865 696 1936 ragis
722 1881 774 1936 per
807 1862 992 1934 episcopatus
1014 1867 1044 1917 ot
1078 1861 1208 1918 abbatias
1242 1868 1313 1918 sunt
1344 1863 1474 1936 disparsi.

424 1955 495 2010 Post
516 1959 640 2010 mortem
662 1970 731 2008 vero
752 1952 831 2024 regis
853 1949 996 2008 Willelmi
1019 1950 1202 2007 'Pburstanus
1225 1951 1381 2023 praedictus
1403 1953 1476 2008 emit

424 2042 634 2099 monasterium
661 2040 865 2098 Glastoniense
886 2058 905 2095 a
934 2057 1004 2110 rege
1026 2041 1175 2096 Willelmo
1198 2041 1276 2096 Rufo
1308 2041 1475 2113 quingentis

425 2132 516 2188 libris.
562 2133 601 2188 Et
624 2132 666 2188 sic
687 2150 739 2203 per
753 2129 947 2203 pomesuiones
962 2129 1090 2186 ecclesias
1113 2121 1246 2200 aliquot¹
1263 2130 1348 2186 annis
1370 2149 1474 2202 evaga-

424 2227 473 2278 tus
495 2222 582 2293 longe
604 2221 641 2277 ab
662 2239 697 2276 eo
719 2218 871 2291 expiravit.

469 2311 534 2366 Hoc
556 2327 633 2366 anno
655 2327 705 2366 rex
728 2308 894 2364 willelmus
917 2307 952 2362 de
973 2307 1102 2379 qualibet
1116 2307 1187 2362 bida
1209 2312 1295 2364 terrie
1319 2307 1350 2363 in
1365 2309 1477 2380 Anglia

423 2400 536 2472 aceepit
558 2417 607 2455 sex
634 2398 743 2454 solidos
764 2397 888 2469 argenti.
934 2396 1032 2468 Igitur
1054 2413 1129 2468 papa
1156 2395 1372 2454 Hildebrandus
1395 2399 1474 2454 labo·

424 2507 493 2544 rans
515 2489 546 2544 in
568 2487 707 2544 extremis
729 2486 845 2542 vocavit
867 2485 905 2542 ad
928 2503 958 2541 se
981 2485 1156 2542 cardinalem
1184 2503 1272 2558 quem
1295 2487 1362 2557 plus
1383 2487 1476 2543 dilex-

423 2586 487 2634 erat
508 2584 540 2634 et
561 2579 709 2634 confessus
741 2582 787 2632 eet
819 2595 851 2633 se
882 2575 1035 2631 suscitasse
1066 2571 1165 2631 odium
1189 2580 1219 2631 et
1240 2576 1367 2630 schisma
1400 2576 1476 2632 inter

426 2667 628 2738 imperatorem
650 2673 681 2722 et
703 2665 842 2738 quosdam
870 2662 1062 2730 Christianos,
1086 2664 1164 2720 unde
1186 2668 1217 2720 et
1250 2663 1312 2737 ipse
1343 2664 1477 2722 dissolvit

424 2754 541 2813 vincula
562 2757 725 2812 bannorum
747 2761 778 2812 et
800 2754 880 2811 obiit

461 2847 533 2902 Item
550 2844 651 2902 ὣίἀαπ
668 2844 792 2916 capitale
809 2843 847 2900 io.
866 2841 970 2900 Victor
985 2843 1089 2898 tertius
1102 2847 1168 2914 post
1182 2841 1416 2899 Hildebrandum
1431 2862 1477 2900 se·

427 2935 562 3006 detpapa
572 2950 632 2988 uuo
646 2950 724 2988 anno
738 2938 769 2988 et
782 2932 931 2988 mensibus
946 2951 974 2988 v.
991 2932 1041 3002 qui
1056 2932 1211 3003 aliquande
1223 2932 1281 2990 ruit
1291 2938 1476 3006 nuncupatus

426 3023 603 3091 Deciderint,
618 3021 706 3078 abbas
720 3020 829 3076 montis
848 3019 972 3086 Cossini,
988 3038 1100 3076 veneno
1123 3019 1155 3076 in
1170 3021 1291 3078 calicem
1303 3020 1367 3092 ejus
1389 3022 1477 3078 misso

425 3113 573 3169 extinctus
594 3117 646 3168 est.
691 3111 755 3180 Quo
780 3127 858 3165 auno
889 3127 940 3166 rex
963 3110 1062 3168 Dacia
1086 3109 1216 3166 Ganutus
1250 3110 1359 3168 auxilio
1385 3112 1477 3168 soceri

425 3202 472 3258 sui
494 3199 614 3258 Roberti
638 3199 824 3255 Flandrensis
853 3199 969 3254 comitis
991 3198 1084 3254 fretus
1106 3217 1172 3254 cum
1202 3217 1310 3272 magna
1332 3201 1422 3257 classe
1444 3201 1476 3256 in

425 3291 565 3362 Angliam
587 3287 688 3344 venire
719 3287 870 3360 disposuit
919 3287 976 3344 Sed
997 3306 1048 3344 rex
1070 3289 1236 3345 Willelmus
1267 3290 1322 3346 hoo
1356 3289 1476 3346 audiens

427 3381 549 3436 collecto
571 3377 678 3449 grandi
710 3376 840 3433 exercitu
872 3376 910 3432 de
932 3377 1116 3433 Nomannia
1138 3378 1277 3450 Angliam
1304 3379 1402 3447 rediit,
1425 3379 1476 3435 sed

425 3468 560 3524 hostibus
582 3465 643 3522 suis
665 3465 815 3538 impeditis
845 3465 956 3521 ourmm
979 3483 1061 3522 snam
1085 3483 1222 3538 magnam
1253 3468 1330 3540 apud
1354 3469 1475 3525 Glover-

426 3557 506 3614 niam
526 3556 623 3614 tenuit
644 3555 697 3610 ubi
718 3561 778 3610 tres
800 3555 983 3627 episcopatus
1005 3555 1099 3610 tribus
1121 3555 1234 3612 clericis
1256 3556 1317 3612 suis
1338 3557 1474 3624 contulit,

426 3647 538 3703 scilieet
560 3644 703 3701 Mauricio
726 3643 969 3710 Londonienssm‚
993 3644 1141 3700 Willelmo
1164 3645 1476 3712 Tedfordensem,1to·

426 3737 508 3792 berte
531 3735 718 3799 Oiatrensem,
742 3733 792 3789 sed
815 3733 960 3788 Bobertus
986 3733 1084 3790 sedem
1110 3734 1263 3790 transtulit
1283 3753 1374 3808 usque
1396 3735 1474 3792 Oen·

426 3823 581 3888 venulam,
605 3823 641 3878 de
671 3821 756 3894 cujus
789 3821 918 3878 ecelesias
952 3839 1012 3878 una
1042 3823 1124 3878 trabe
1155 3823 1330 3896 quingentas
1363 3843 1475 3882 mareas

426 3913 542 3986 argenti
564 3912 696 3977 commit,
720 3911 799 3967 unde
821 3929 942 3966 manum
964 3911 1043 3982 regis
1066 3911 1201 3984 impleret
1222 3919 1253 3968 et
1283 3932 1366 3986 papis
1388 3932 1474 3970 occu·

426 4003 559 4076 potiones
580 4001 702 4057 falleret.
747 3999 900 4057 Ditaverat
921 4017 1048 4072 namque
1079 4001 1228 4058 leolbious
1250 4019 1346 4059 eomes
1378 4003 1474 4060 locum

426 4093 510 4149 illum
533 4109 613 4157 auro,
637 4093 768 4162 argento,
792 4090 917 4162 gemrms
939 4094 970 4145 et
990 4089 1133 4162 reliquiis,
1149 4089 1192 4146 sio
1216 4091 1307 4162 igitur
1330 4091 1474 4149 Robertus

426 4181 565 4254 praefatus
587 4178 698 4235 fflmen
720 4179 872 4251 peculatus
901 4177 1036 4245 incmrit,
1060 4180 1281 4251 repetendarum
1309 4199 1376 4237 raus
1407 4200 1474 4237 mox

425 4273 543 4326 futurus
565 4269 591 4325 si
621 4273 697 4325 esset
727 4272 877 4324 aecusator
906 4273 1033 4339 paratus.
1079 4267 1237 4325 Monachus
1270 4287 1384 4343 quoque
1418 4271 1474 4328 leci

425 4361 505 4416 illius
527 4359 636 4431 agresti
665 4357 748 4414 victu
780 4356 900 4422 cibavit,
924 4361 955 4412 et
989 4373 1048 4412 non
1082 4355 1140 4414 nisi
1177 4357 1289 4414 triviali
1323 4360 1475 4416 literatura

424 4447 559 4522 permisit
580 4446 743 4512 informari,
766 4463 804 4502 ue
826 4444 939 4503 deliciae
955 4450 1007 4501 aut
1029 4443 1122 4502 literae
1144 4447 1299 4504 redderem
1318 4451 1475 4506 monachos

425 4544 527 4596 eontra
549 4536 716 4610 episcopum
738 4535 838 4591 elatos.
884 4535 1096 4592 Verumtamen
1118 4534 1197 4610 apud
1212 4536 1378 4596 Liebefelda
1392 4556 1474 4611 mug-

425 4669 565 4679 .-.-—-

603 4723 609 4754 ’
629 4725 659 4774 ln
670 4723 729 4774 MS.
742 4727 804 4785 quet
814 4721 836 4773 ia
847 4721 958 4772 inserted
970 4722 1085 4786 wrcugly
1096 4723 1183 4774 before
1195 4723 1301 4788 aliquot.
