<?xml version="1.0" encoding="UTF-8"?>
<!DOCTYPE html PUBLIC "-//W3C//DTD XHTML 1.0 Transitional//EN"
    "http://www.w3.org/TR/xhtml1/DTD/xhtml1-transitional.dtd">
<html xmlns="http://www.w3.org/1999/xhtml" xml:lang="en" lang="en">
 <head>
  <title>
</title>
<meta http-equiv="Content-Type" content="text/html;charset=utf-8" />
  <meta name='ocr-system' content='tesseract 3.04.00' />
  <meta name='ocr-capabilities' content='ocr_page ocr_carea ocr_par ocr_line ocrx_word'/>
</head>
<body>
  <div class='ocr_page' id='page_1' title='image "./chroniconhenric00lumbgoog_0407.png"; bbox 0 0 3625 5784; ppageno 0'>
   <div class='ocr_carea' id='block_1_1' title="bbox 418 793 1129 856">
    <p class='ocr_par' dir='ltr' id='par_1_1' title="bbox 418 793 1129 856">
     <span class='ocr_line' id='line_1_1' title="bbox 418 793 1129 856; baseline -0.007 -1"><span class='ocrx_word' id='word_1_1' title='bbox 418 793 484 856; x_wconf 76' lang='lat'><strong>384</strong></span> <span class='ocrx_word' id='word_1_2' title='bbox 774 803 921 854; x_wconf 74' lang='lat' dir='ltr'><strong>baumer</strong></span> <span class='ocrx_word' id='word_1_3' title='bbox 945 803 1129 852; x_wconf 74' lang='lat' dir='ltr'><strong>amomon</strong></span> 
     </span>
    </p>
   </div>
   <div class='ocr_carea' id='block_1_2' title="bbox 249 984 1475 1276">
    <p class='ocr_par' dir='ltr' id='par_1_2' title="bbox 249 984 1475 1276">
     <span class='ocr_line' id='line_1_2' title="bbox 250 984 1475 1074; baseline 0.002 -25"><span class='ocrx_word' id='word_1_4' title='bbox 250 999 291 1050; x_wconf 77' lang='lat' dir='ltr'><strong>No</strong></span> <span class='ocrx_word' id='word_1_5' title='bbox 304 1015 355 1050; x_wconf 80' lang='lat' dir='ltr'><strong>ser-</strong></span> <span class='ocrx_word' id='word_1_6' title='bbox 419 987 572 1052; x_wconf 88' lang='lat' dir='ltr'><strong>monachi</strong></span> <span class='ocrx_word' id='word_1_7' title='bbox 608 993 642 1053; x_wconf 89' lang='lat' dir='ltr'><strong>et</strong></span> <span class='ocrx_word' id='word_1_8' title='bbox 673 986 822 1054; x_wconf 87' lang='lat' dir='ltr'><strong>canonici</strong></span> <span class='ocrx_word' id='word_1_9' title='bbox 860 984 1029 1074; x_wconf 88' lang='lat' dir='ltr'><strong>regulares</strong></span> <span class='ocrx_word' id='word_1_10' title='bbox 1067 991 1102 1052; x_wconf 91' lang='lat' dir='ltr'><strong>et</strong></span> <span class='ocrx_word' id='word_1_11' title='bbox 1138 986 1250 1050; x_wconf 84' lang='lat' dir='ltr'><strong>caeteri</strong></span> <span class='ocrx_word' id='word_1_12' title='bbox 1288 987 1475 1052; x_wconf 70' lang='lat' dir='ltr'><strong>sacerdotes</strong></span> 
     </span>
     <span class='ocr_line' id='line_1_3' title="bbox 249 1066 1475 1184; baseline 0.002 -32"><span class='ocrx_word' id='word_1_13' title='bbox 249 1066 406 1184; x_wconf 53' lang='lat' dir='ltr'><strong>gffissb</strong></span> <span class='ocrx_word' id='word_1_14' title='bbox 419 1089 563 1154; x_wconf 78' lang='lat' dir='ltr'><strong>ministri</strong></span> <span class='ocrx_word' id='word_1_15' title='bbox 604 1089 730 1154; x_wconf 76' lang='lat' dir='ltr'><strong>somni</strong></span> <span class='ocrx_word' id='word_1_16' title='bbox 775 1109 850 1153; x_wconf 68' lang='lat' dir='ltr'><strong>eum</strong></span> <span class='ocrx_word' id='word_1_17' title='bbox 896 1087 992 1172; x_wconf 79' lang='lat' dir='ltr'><strong>plebe</strong></span> <span class='ocrx_word' id='word_1_18' title='bbox 1030 1087 1125 1172; x_wconf 73' lang='lat' dir='ltr'><strong>quasi</strong></span> <span class='ocrx_word' id='word_1_19' title='bbox 1164 1091 1244 1152; x_wconf 73' lang='lat' dir='ltr'><strong>coa</strong></span> <span class='ocrx_word' id='word_1_20' title='bbox 1301 1088 1475 1154; x_wconf 58' lang='lat' dir='ltr'><strong>vntum</strong></span> 
     </span>
     <span class='ocr_line' id='line_1_4' title="bbox 249 1187 1474 1276; baseline 0.007 -30"><span class='ocrx_word' id='word_1_21' title='bbox 249 1214 278 1247; x_wconf 83' lang='lat' dir='ltr'><strong>or</strong></span> <span class='ocrx_word' id='word_1_22' title='bbox 288 1214 389 1248; x_wconf 74' lang='lat' dir='ltr'><strong>monus-</strong></span> <span class='ocrx_word' id='word_1_23' title='bbox 417 1189 531 1276; x_wconf 86' lang='lat' dir='ltr'><strong>itaque</strong></span> <span class='ocrx_word' id='word_1_24' title='bbox 565 1190 655 1256; x_wconf 88' lang='lat' dir='ltr'><strong>Scoti</strong></span> <span class='ocrx_word' id='word_1_25' title='bbox 679 1188 860 1255; x_wconf 89' lang='lat' dir='ltr'><strong>incendiis¹</strong></span> <span class='ocrx_word' id='word_1_26' title='bbox 886 1194 921 1253; x_wconf 89' lang='lat' dir='ltr'><strong>et</strong></span> <span class='ocrx_word' id='word_1_27' title='bbox 944 1188 1070 1273; x_wconf 82' lang='lat' dir='ltr'><strong>rapinis</strong></span> <span class='ocrx_word' id='word_1_28' title='bbox 1093 1211 1113 1253; x_wconf 91' lang='lat' dir='ltr'><strong>a</strong></span> <span class='ocrx_word' id='word_1_29' title='bbox 1135 1187 1223 1253; x_wconf 80' lang='lat' dir='ltr'><strong>festo</strong></span> <span class='ocrx_word' id='word_1_30' title='bbox 1246 1191 1353 1254; x_wconf 87' lang='lat' dir='ltr'><strong>sancti</strong></span> <span class='ocrx_word' id='word_1_31' title='bbox 1376 1189 1474 1255; x_wconf 84' lang='lat' dir='ltr'><strong>Lueae</strong></span> 
     </span>
    </p>
   </div>
   <div class='ocr_carea' id='block_1_3' title="bbox 245 1263 1474 3908">
    <p class='ocr_par' dir='ltr' id='par_1_3' title="bbox 245 1263 1474 3908">
     <span class='ocr_line' id='line_1_5' title="bbox 248 1263 1474 1380; baseline 0.001 -26"><span class='ocrx_word' id='word_1_32' title='bbox 248 1263 361 1380; x_wconf 56' lang='lat' dir='ltr'><strong>ffiin</strong></span> <span class='ocrx_word' id='word_1_33' title='bbox 418 1311 522 1376; x_wconf 79' lang='lat' dir='ltr'><strong>usque</strong></span> <span class='ocrx_word' id='word_1_34' title='bbox 555 1293 597 1356; x_wconf 92' lang='lat' dir='ltr'><strong>ad</strong></span> <span class='ocrx_word' id='word_1_35' title='bbox 632 1291 758 1356; x_wconf 77' lang='lat' dir='ltr'><strong>festum</strong></span> <span class='ocrx_word' id='word_1_36' title='bbox 797 1290 903 1354; x_wconf 88' lang='lat' dir='ltr'><strong>sancti</strong></span> <span class='ocrx_word' id='word_1_37' title='bbox 942 1289 1090 1366; x_wconf 87' lang='lat' dir='ltr'><strong>Martini,</strong></span> <span class='ocrx_word' id='word_1_38' title='bbox 1127 1295 1163 1354; x_wconf 90' lang='lat' dir='ltr'><strong>et</strong></span> <span class='ocrx_word' id='word_1_39' title='bbox 1200 1311 1268 1354; x_wconf 91' lang='lat' dir='ltr'><strong>non</strong></span> <span class='ocrx_word' id='word_1_40' title='bbox 1306 1296 1380 1355; x_wconf 87' lang='lat' dir='ltr'><strong>erat</strong></span> <span class='ocrx_word' id='word_1_41' title='bbox 1416 1292 1474 1377; x_wconf 90' lang='lat' dir='ltr'><strong>qni</strong></span> 
     </span>
     <span class='ocr_line' id='line_1_6' title="bbox 250 1390 1474 1478; baseline -0.005 -16"><span class='ocrx_word' id='word_1_42' title='bbox 250 1397 373 1462; x_wconf 75' lang='lat' dir='ltr'><strong>Englanc.</strong></span> <span class='ocrx_word' id='word_1_43' title='bbox 417 1392 594 1478; x_wconf 88' lang='lat' dir='ltr'><strong>impediret</strong></span> <span class='ocrx_word' id='word_1_44' title='bbox 630 1415 685 1457; x_wconf 91' lang='lat' dir='ltr'><strong>eos</strong></span> <span class='ocrx_word' id='word_1_45' title='bbox 716 1393 781 1457; x_wconf 92' lang='lat' dir='ltr'><strong>nisi</strong></span> <span class='ocrx_word' id='word_1_46' title='bbox 813 1391 950 1476; x_wconf 89' lang='lat' dir='ltr'><strong>quidam</strong></span> <span class='ocrx_word' id='word_1_47' title='bbox 984 1413 1027 1455; x_wconf 85' lang='lat' dir='ltr'><strong>ex</strong></span> <span class='ocrx_word' id='word_1_48' title='bbox 1059 1390 1182 1455; x_wconf 88' lang='lat' dir='ltr'><strong>nostris</strong></span> <span class='ocrx_word' id='word_1_49' title='bbox 1216 1391 1275 1476; x_wconf 91' lang='lat' dir='ltr'><strong>qui</strong></span> <span class='ocrx_word' id='word_1_50' title='bbox 1309 1397 1407 1456; x_wconf 86' lang='lat' dir='ltr'><strong>erant</strong></span> <span class='ocrx_word' id='word_1_51' title='bbox 1438 1393 1474 1456; x_wconf 90' lang='lat' dir='ltr'><strong>in</strong></span> 
     </span>
     <span class='ocr_line' id='line_1_7' title="bbox 417 1490 1471 1580; baseline 0 -22"><span class='ocrx_word' id='word_1_52' title='bbox 417 1493 571 1580; x_wconf 84' lang='lat' dir='ltr'><strong>praesidio</strong></span> <span class='ocrx_word' id='word_1_53' title='bbox 617 1494 716 1558; x_wconf 86' lang='lat' dir='ltr'><strong>castri</strong></span> <span class='ocrx_word' id='word_1_54' title='bbox 756 1493 796 1557; x_wconf 91' lang='lat' dir='ltr'><strong>dc</strong></span> <span class='ocrx_word' id='word_1_55' title='bbox 835 1491 1000 1576; x_wconf 73' lang='lat' dir='ltr'><strong>Berewyk</strong></span> <span class='ocrx_word' id='word_1_56' title='bbox 1038 1496 1073 1555; x_wconf 85' lang='lat' dir='ltr'><strong>et</strong></span> <span class='ocrx_word' id='word_1_57' title='bbox 1109 1490 1251 1555; x_wconf 90' lang='lat' dir='ltr'><strong>aliorum</strong></span> <span class='ocrx_word' id='word_1_58' title='bbox 1288 1499 1471 1558; x_wconf 85' lang='lat' dir='ltr'><strong>castrorum</strong></span> 
     </span>
     <span class='ocr_line' id='line_1_8' title="bbox 417 1592 1473 1681; baseline -0.001 -22"><span class='ocrx_word' id='word_1_59' title='bbox 417 1595 596 1681; x_wconf 87' lang='lat' dir='ltr'><strong>aliquando</strong></span> <span class='ocrx_word' id='word_1_60' title='bbox 619 1600 780 1660; x_wconf 84' lang='lat' dir='ltr'><strong>exeuntes</strong></span> <span class='ocrx_word' id='word_1_61' title='bbox 797 1599 964 1658; x_wconf 84' lang='lat' dir='ltr'><strong>extremas</strong></span> <span class='ocrx_word' id='word_1_62' title='bbox 986 1613 1100 1657; x_wconf 91' lang='lat' dir='ltr'><strong>eorum</strong></span> <span class='ocrx_word' id='word_1_63' title='bbox 1117 1592 1274 1676; x_wconf 86' lang='lat' dir='ltr'><strong>reliquias</strong></span> <span class='ocrx_word' id='word_1_64' title='bbox 1292 1593 1473 1669; x_wconf 66' lang='lat' dir='ltr'><strong>caedebant,</strong></span> 
     </span>
     <span class='ocr_line' id='line_1_9' title="bbox 416 1693 1472 1780; baseline 0 -20"><span class='ocrx_word' id='word_1_65' title='bbox 416 1695 457 1760; x_wconf 92' lang='lat' dir='ltr'><strong>In</strong></span> <span class='ocrx_word' id='word_1_66' title='bbox 482 1697 610 1762; x_wconf 88' lang='lat' dir='ltr'><strong>modico</strong></span> <span class='ocrx_word' id='word_1_67' title='bbox 633 1693 771 1761; x_wconf 79' lang='lat' dir='ltr'><strong>tamen²</strong></span> <span class='ocrx_word' id='word_1_68' title='bbox 793 1699 950 1780; x_wconf 88' lang='lat' dir='ltr'><strong>tempore,</strong></span> <span class='ocrx_word' id='word_1_69' title='bbox 972 1695 1008 1757; x_wconf 94' lang='lat' dir='ltr'><strong>in</strong></span> <span class='ocrx_word' id='word_1_70' title='bbox 1030 1693 1118 1759; x_wconf 87' lang='lat' dir='ltr'><strong>festo</strong></span> <span class='ocrx_word' id='word_1_71' title='bbox 1140 1715 1220 1758; x_wconf 90' lang='lat' dir='ltr'><strong>vero</strong></span> <span class='ocrx_word' id='word_1_72' title='bbox 1254 1696 1361 1760; x_wconf 86' lang='lat' dir='ltr'><strong>sancti</strong></span> <span class='ocrx_word' id='word_1_73' title='bbox 1385 1696 1472 1760; x_wconf 81' lang='lat' dir='ltr'><strong>Mar·</strong></span> 
     </span>
     <span class='ocr_line' id='line_1_10' title="bbox 417 1793 1470 1883; baseline 0 -22"><span class='ocrx_word' id='word_1_74' title='bbox 417 1797 480 1861; x_wconf 88' lang='lat' dir='ltr'><strong>tini</strong></span> <span class='ocrx_word' id='word_1_75' title='bbox 503 1803 538 1862; x_wconf 89' lang='lat' dir='ltr'><strong>et</strong></span> <span class='ocrx_word' id='word_1_76' title='bbox 562 1818 621 1881; x_wconf 91' lang='lat' dir='ltr'><strong>per</strong></span> <span class='ocrx_word' id='word_1_77' title='bbox 653 1802 788 1861; x_wconf 87' lang='lat' dir='ltr'><strong>octavas</strong></span> <span class='ocrx_word' id='word_1_78' title='bbox 810 1801 985 1880; x_wconf 81' lang='lat' dir='ltr'><strong>sequentes</strong></span> <span class='ocrx_word' id='word_1_79' title='bbox 1007 1794 1194 1881; x_wconf 87' lang='lat' dir='ltr'><strong>conglobati</strong></span> <span class='ocrx_word' id='word_1_80' title='bbox 1227 1793 1318 1859; x_wconf 87' lang='lat' dir='ltr'><strong>Secti</strong></span> <span class='ocrx_word' id='word_1_81' title='bbox 1341 1817 1470 1883; x_wconf 87' lang='lat' dir='ltr'><strong>proces-</strong></span> 
     </span>
     <span class='ocr_line' id='line_1_11' title="bbox 417 1894 1471 1982; baseline 0.001 -20"><span class='ocrx_word' id='word_1_82' title='bbox 417 1903 533 1963; x_wconf 86' lang='lat' dir='ltr'><strong>serunt</strong></span> <span class='ocrx_word' id='word_1_83' title='bbox 571 1896 694 1982; x_wconf 92' lang='lat' dir='ltr'><strong>ubique</strong></span> <span class='ocrx_word' id='word_1_84' title='bbox 732 1902 905 1961; x_wconf 70' lang='lat' dir='ltr'><strong>vastantes</strong></span> <span class='ocrx_word' id='word_1_85' title='bbox 943 1895 1063 1960; x_wconf 90' lang='lat' dir='ltr'><strong>omnia.</strong></span> <span class='ocrx_word' id='word_1_86' title='bbox 1112 1894 1262 1980; x_wconf 85' lang='lat' dir='ltr'>Cumque</span> <span class='ocrx_word' id='word_1_87' title='bbox 1301 1897 1471 1963; x_wconf 87' lang='lat' dir='ltr'><strong>venissent</strong></span> 
     </span>
     <span class='ocr_line' id='line_1_12' title="bbox 248 1996 1472 2083; baseline 0.001 -21"><span class='ocrx_word' id='word_1_88' title='bbox 248 2019 301 2069; x_wconf 78' lang='lat' dir='ltr'><strong>The</strong></span> <span class='ocrx_word' id='word_1_89' title='bbox 315 2019 387 2070; x_wconf 80' lang='lat' dir='ltr'><strong>Scots</strong></span> <span class='ocrx_word' id='word_1_90' title='bbox 419 1997 634 2064; x_wconf 89' lang='lat' dir='ltr'><strong>Karliolum³</strong></span> <span class='ocrx_word' id='word_1_91' title='bbox 656 1998 820 2062; x_wconf 88' lang='lat' dir='ltr'><strong>miserunt</strong></span> <span class='ocrx_word' id='word_1_92' title='bbox 853 1997 896 2062; x_wconf 92' lang='lat' dir='ltr'><strong>ad</strong></span> <span class='ocrx_word' id='word_1_93' title='bbox 932 1996 1048 2062; x_wconf 90' lang='lat' dir='ltr'><strong>urbem</strong></span> <span class='ocrx_word' id='word_1_94' title='bbox 1070 1997 1274 2062; x_wconf 84' lang='lat' dir='ltr'><strong>sacerdotem</strong></span> <span class='ocrx_word' id='word_1_95' title='bbox 1307 1998 1472 2083; x_wconf 87' lang='lat' dir='ltr'><strong>quendam</strong></span> 
     </span>
     <span class='ocr_line' id='line_1_13' title="bbox 249 2093 1471 2202; baseline 0.001 -39"><span class='ocrx_word' id='word_1_96' title='bbox 249 2093 361 2202; x_wconf 49' lang='lat' dir='ltr'><strong>ffisssfg</strong></span> <span class='ocrx_word' id='word_1_97' title='bbox 417 2099 540 2184; x_wconf 82' lang='lat' dir='ltr'><strong>absque</strong></span> <span class='ocrx_word' id='word_1_98' title='bbox 565 2099 684 2164; x_wconf 85' lang='lat' dir='ltr'><strong>Levita</strong></span> <span class='ocrx_word' id='word_1_99' title='bbox 713 2099 772 2184; x_wconf 91' lang='lat' dir='ltr'><strong>qui</strong></span> <span class='ocrx_word' id='word_1_100' title='bbox 795 2098 921 2162; x_wconf 90' lang='lat' dir='ltr'><strong>diceret</strong></span> <span class='ocrx_word' id='word_1_101' title='bbox 943 2104 961 2132; x_wconf 81' lang='lat'><strong>‘⁴</strong></span> <span class='ocrx_word' id='word_1_102' title='bbox 974 2097 1057 2162; x_wconf 87' lang='lat' dir='ltr'><strong>Haec</strong></span> <span class='ocrx_word' id='word_1_103' title='bbox 1078 2097 1217 2162; x_wconf 83' lang='lat' dir='ltr'><strong>mandat</strong></span> <span class='ocrx_word' id='word_1_104' title='bbox 1238 2097 1333 2162; x_wconf 89' lang='lat' dir='ltr'><strong>vobis</strong></span> <span class='ocrx_word' id='word_1_105' title='bbox 1367 2098 1471 2164; x_wconf 91' lang='lat' dir='ltr'><strong>domi-</strong></span> 
     </span>
     <span class='ocr_line' id='line_1_14' title="bbox 248 2196 1470 2294; baseline 0 -29"><span class='ocrx_word' id='word_1_106' title='bbox 248 2219 351 2294; x_wconf 67' lang='lat' dir='ltr'><strong>unica¹</strong></span> <span class='ocrx_word' id='word_1_107' title='bbox 419 2209 435 2233; x_wconf 94' lang='lat'>“</span> <span class='ocrx_word' id='word_1_108' title='bbox 459 2222 521 2264; x_wconf 91' lang='lat' dir='ltr'><strong>nus</strong></span> <span class='ocrx_word' id='word_1_109' title='bbox 556 2221 648 2265; x_wconf 91' lang='lat' dir='ltr'><strong>meus</strong></span> <span class='ocrx_word' id='word_1_110' title='bbox 688 2197 874 2264; x_wconf 87' lang='lat' dir='ltr'><strong>Willelmus</strong></span> <span class='ocrx_word' id='word_1_111' title='bbox 913 2196 1121 2282; x_wconf 84' lang='lat' dir='ltr'><strong>Conquestor</strong></span> <span class='ocrx_word' id='word_1_112' title='bbox 1159 2204 1198 2262; x_wconf 88' lang='lat' dir='ltr'><strong>ut</strong></span> <span class='ocrx_word' id='word_1_113' title='bbox 1232 2199 1313 2264; x_wconf 72' lang='lat' dir='ltr'><strong>vitae</strong></span> <span class='ocrx_word' id='word_1_114' title='bbox 1350 2205 1470 2265; x_wconf 83' lang='lat' dir='ltr'><strong>vestrae</strong></span> 
     </span>
     <span class='ocr_line' id='line_1_15' title="bbox 250 2285 1472 2398; baseline -0.002 -31"><span class='ocrx_word' id='word_1_115' title='bbox 250 2285 372 2398; x_wconf 39' lang='grc' dir='ltr'><strong>ΜΨ</strong></span> <span class='ocrx_word' id='word_1_116' title='bbox 418 2308 435 2334; x_wconf 88' lang='grc'><strong>“</strong></span> <span class='ocrx_word' id='word_1_117' title='bbox 459 2302 666 2368; x_wconf 80' lang='lat' dir='ltr'><strong>consulentes</strong></span> <span class='ocrx_word' id='word_1_118' title='bbox 689 2301 813 2386; x_wconf 86' lang='lat' dir='ltr'><strong>absque</strong></span> <span class='ocrx_word' id='word_1_119' title='bbox 847 2299 1018 2386; x_wconf 81' lang='lat' dir='ltr'><strong>sanguinis</strong></span> <span class='ocrx_word' id='word_1_120' title='bbox 1053 2299 1212 2363; x_wconf 83' lang='lat' dir='ltr'><strong>effusione</strong></span> <span class='ocrx_word' id='word_1_121' title='bbox 1244 2299 1472 2364; x_wconf 69' lang='lat' dir='ltr'><strong>reddatis⁴ei⁴</strong></span> 
     </span>
     <span class='ocr_line' id='line_1_16' title="bbox 248 2365 1471 2484; baseline 0.001 -20"><span class='ocrx_word' id='word_1_122' title='bbox 248 2365 399 2466; x_wconf 53' lang='lat' dir='ltr'><strong>iibidliib</strong></span> <span class='ocrx_word' id='word_1_123' title='bbox 419 2411 435 2436; x_wconf 91' lang='lat'>“</span> <span class='ocrx_word' id='word_1_124' title='bbox 459 2403 573 2468; x_wconf 89' lang='lat' dir='ltr'><strong>villam</strong></span> <span class='ocrx_word' id='word_1_125' title='bbox 598 2409 631 2468; x_wconf 89' lang='lat' dir='ltr'><strong>et</strong></span> <span class='ocrx_word' id='word_1_126' title='bbox 666 2407 819 2478; x_wconf 79' lang='lat' dir='ltr'><strong>castrum,</strong></span> <span class='ocrx_word' id='word_1_127' title='bbox 844 2400 1003 2484; x_wconf 84' lang='lat' dir='ltr'><strong>dabitque</strong></span> <span class='ocrx_word' id='word_1_128' title='bbox 1026 2399 1121 2463; x_wconf 93' lang='lat' dir='ltr'><strong>vobis</strong></span> <span class='ocrx_word' id='word_1_129' title='bbox 1144 2400 1233 2464; x_wconf 86' lang='lat' dir='ltr'><strong>vitas</strong></span> <span class='ocrx_word' id='word_1_130' title='bbox 1256 2405 1291 2464; x_wconf 90' lang='lat' dir='ltr'><strong>et</strong></span> <span class='ocrx_word' id='word_1_131' title='bbox 1322 2400 1471 2466; x_wconf 91' lang='lat' dir='ltr'><strong>membra</strong></span> 
     </span>
     <span class='ocr_line' id='line_1_17' title="bbox 247 2481 1469 2598; baseline -0.005 -26"><span class='ocrx_word' id='word_1_132' title='bbox 247 2481 389 2598; x_wconf 42' lang='lat' dir='ltr'><strong>‘zssss‘ofii&#39;f&#39;</strong></span> <span class='ocrx_word' id='word_1_133' title='bbox 418 2511 434 2538; x_wconf 91' lang='lat'>“</span> <span class='ocrx_word' id='word_1_134' title='bbox 457 2509 492 2568; x_wconf 88' lang='lat' dir='ltr'><strong>et</strong></span> <span class='ocrx_word' id='word_1_135' title='bbox 514 2503 626 2570; x_wconf 92' lang='lat' dir='ltr'><strong>omnia</strong></span> <span class='ocrx_word' id='word_1_136' title='bbox 648 2503 767 2569; x_wconf 88' lang='lat' dir='ltr'><strong>catalla</strong></span> <span class='ocrx_word' id='word_1_137' title='bbox 789 2506 910 2566; x_wconf 77' lang='lat' dir='ltr'><strong>vestra</strong></span> <span class='ocrx_word' id='word_1_138' title='bbox 957 2500 1054 2580; x_wconf 84' lang='lat' dir='ltr'><strong>Quod</strong></span> <span class='ocrx_word' id='word_1_139' title='bbox 1076 2501 1105 2564; x_wconf 93' lang='lat' dir='ltr'><strong>si</strong></span> <span class='ocrx_word' id='word_1_140' title='bbox 1127 2522 1195 2565; x_wconf 91' lang='lat' dir='ltr'><strong>non</strong></span> <span class='ocrx_word' id='word_1_141' title='bbox 1218 2500 1374 2578; x_wconf 77' lang='lat' dir='ltr'><strong>feceritis,</strong></span> <span class='ocrx_word' id='word_1_142' title='bbox 1396 2524 1469 2568; x_wconf 88' lang='lat' dir='ltr'><strong>con-</strong></span> 
     </span>
     <span class='ocr_line' id='line_1_18' title="bbox 247 2565 1469 2691; baseline 0 -23"><span class='ocrx_word' id='word_1_143' title='bbox 247 2565 263 2612; x_wconf 48' lang='grc' dir='ltr'><em>ᾳ</em></span> <span class='ocrx_word' id='word_1_144' title='bbox 339 2586 347 2610; x_wconf 87' lang='grc'><strong>’</strong></span> <span class='ocrx_word' id='word_1_145' title='bbox 418 2614 432 2638; x_wconf 89' lang='grc'><em>“</em></span> <span class='ocrx_word' id='word_1_146' title='bbox 458 2605 571 2670; x_wconf 82' lang='lat' dir='ltr'><strong>iestim</strong></span> <span class='ocrx_word' id='word_1_147' title='bbox 606 2603 812 2691; x_wconf 84' lang='lat' dir='ltr'><strong>expugnabit</strong></span> <span class='ocrx_word' id='word_1_148' title='bbox 835 2623 895 2666; x_wconf 92' lang='lat' dir='ltr'><strong>vos</strong></span> <span class='ocrx_word' id='word_1_149' title='bbox 930 2607 965 2666; x_wconf 89' lang='lat' dir='ltr'><strong>et</strong></span> <span class='ocrx_word' id='word_1_150' title='bbox 998 2602 1040 2665; x_wconf 92' lang='lat' dir='ltr'><strong>ad</strong></span> <span class='ocrx_word' id='word_1_151' title='bbox 1075 2602 1333 2668; x_wconf 84' lang='lat' dir='ltr'><strong>internecionem</strong></span> <span class='ocrx_word' id='word_1_152' title='bbox 1365 2625 1469 2690; x_wconf 84' lang='lat' dir='ltr'><strong>usque</strong></span> 
     </span>
     <span class='ocr_line' id='line_1_19' title="bbox 417 2703 1469 2788; baseline -0.001 -17"><span class='ocrx_word' id='word_1_153' title='bbox 417 2715 433 2740; x_wconf 90' lang='lat'><strong>“</strong></span> <span class='ocrx_word' id='word_1_154' title='bbox 458 2705 608 2772; x_wconf 86' lang='lat' dir='ltr'><strong>delebit.&#39;&#39;</strong></span> <span class='ocrx_word' id='word_1_155' title='bbox 653 2705 701 2770; x_wconf 87' lang='lat' dir='ltr'><strong>At</strong></span> <span class='ocrx_word' id='word_1_156' title='bbox 720 2703 769 2767; x_wconf 88' lang='lat' dir='ltr'><strong>illi</strong></span> <span class='ocrx_word' id='word_1_157' title='bbox 786 2703 1029 2788; x_wconf 86' lang='lat' dir='ltr'><strong>responderunt</strong></span> <span class='ocrx_word' id='word_1_158' title='bbox 1056 2703 1096 2779; x_wconf 88' lang='lat' dir='ltr'><strong>ei,</strong></span> <span class='ocrx_word' id='word_1_159' title='bbox 1118 2703 1229 2782; x_wconf 80' lang='lat' dir='ltr'><strong>“Quis</strong></span> <span class='ocrx_word' id='word_1_160' title='bbox 1245 2709 1296 2768; x_wconf 88' lang='lat' dir='ltr'><strong>est</strong></span> <span class='ocrx_word' id='word_1_161' title='bbox 1310 2703 1367 2769; x_wconf 87' lang='lat' dir='ltr'><strong>ille</strong></span> <span class='ocrx_word' id='word_1_162' title='bbox 1383 2705 1469 2770; x_wconf 83' lang='lat' dir='ltr'><strong>Con-</strong></span> 
     </span>
     <span class='ocr_line' id='line_1_20' title="bbox 416 2801 1469 2892; baseline -0.002 -20"><span class='ocrx_word' id='word_1_163' title='bbox 416 2815 431 2842; x_wconf 89' lang='lat'>“</span> <span class='ocrx_word' id='word_1_164' title='bbox 456 2805 640 2892; x_wconf 77' lang='lat' dir='ltr'><strong>questori”</strong></span> <span class='ocrx_word' id='word_1_165' title='bbox 686 2806 734 2870; x_wconf 88' lang='lat' dir='ltr'><strong>At</strong></span> <span class='ocrx_word' id='word_1_166' title='bbox 760 2805 825 2884; x_wconf 91' lang='lat' dir='ltr'><strong>ille,</strong></span> <span class='ocrx_word' id='word_1_167' title='bbox 849 2803 1063 2868; x_wconf 82' lang='lat' dir='ltr'><strong>“Willelmus</strong></span> <span class='ocrx_word' id='word_1_168' title='bbox 1085 2825 1183 2889; x_wconf 90' lang='lat' dir='ltr'><strong>quem</strong></span> <span class='ocrx_word' id='word_1_169' title='bbox 1206 2801 1342 2890; x_wconf 89' lang='lat' dir='ltr'><strong>Waleys</strong></span> <span class='ocrx_word' id='word_1_170' title='bbox 1364 2807 1469 2870; x_wconf 89' lang='lat' dir='ltr'><strong>nomi-</strong></span> 
     </span>
     <span class='ocr_line' id='line_1_21' title="bbox 416 2905 1469 2992; baseline 0.001 -20"><span class='ocrx_word' id='word_1_171' title='bbox 416 2918 432 2942; x_wconf 91' lang='lat'>“</span> <span class='ocrx_word' id='word_1_172' title='bbox 456 2907 573 2974; x_wconf 84' lang='lat' dir='ltr'><strong>natis.”</strong></span> <span class='ocrx_word' id='word_1_173' title='bbox 618 2907 824 2992; x_wconf 83' lang='lat' dir='ltr'><strong>Adjecerunt</strong></span> <span class='ocrx_word' id='word_1_174' title='bbox 851 2911 886 2970; x_wconf 91' lang='lat' dir='ltr'><strong>et</strong></span> <span class='ocrx_word' id='word_1_175' title='bbox 919 2905 977 2982; x_wconf 82' lang='lat' dir='ltr'><strong>illi,</strong></span> <span class='ocrx_word' id='word_1_176' title='bbox 1001 2905 1103 2969; x_wconf 83' lang='lat' dir='ltr'><strong>“Rex</strong></span> <span class='ocrx_word' id='word_1_177' title='bbox 1138 2907 1277 2983; x_wconf 89' lang='lat' dir='ltr'><strong>noster,&#39;’</strong></span> <span class='ocrx_word' id='word_1_178' title='bbox 1302 2908 1469 2992; x_wconf 88' lang='lat' dir='ltr'><strong>inquiunt,</strong></span> 
     </span>
     <span class='ocr_line' id='line_1_22' title="bbox 416 3006 1471 3076; baseline -0.001 0"><span class='ocrx_word' id='word_1_179' title='bbox 416 3019 432 3044; x_wconf 80' lang='lat'><strong>‘¹</strong></span> <span class='ocrx_word' id='word_1_180' title='bbox 455 3032 568 3076; x_wconf 77' lang='lat' dir='ltr'><strong>curam</strong></span> <span class='ocrx_word' id='word_1_181' title='bbox 592 3015 626 3074; x_wconf 84' lang='lat' dir='ltr'><strong>et</strong></span> <span class='ocrx_word' id='word_1_182' title='bbox 648 3009 832 3074; x_wconf 86' lang='lat' dir='ltr'><strong>custodiam</strong></span> <span class='ocrx_word' id='word_1_183' title='bbox 855 3006 1003 3072; x_wconf 86' lang='lat' dir='ltr'><strong>civitatis</strong></span> <span class='ocrx_word' id='word_1_184' title='bbox 1028 3007 1125 3072; x_wconf 88' lang='lat' dir='ltr'><strong>istius</strong></span> <span class='ocrx_word' id='word_1_185' title='bbox 1149 3014 1184 3072; x_wconf 86' lang='lat' dir='ltr'><strong>et</strong></span> <span class='ocrx_word' id='word_1_186' title='bbox 1206 3009 1306 3073; x_wconf 87' lang='lat' dir='ltr'><strong>castri</strong></span> <span class='ocrx_word' id='word_1_187' title='bbox 1329 3011 1402 3074; x_wconf 90' lang='lat' dir='ltr'><strong>vice</strong></span> <span class='ocrx_word' id='word_1_188' title='bbox 1435 3015 1471 3075; x_wconf 88' lang='lat' dir='ltr'><strong>et</strong></span> 
     </span>
     <span class='ocr_line' id='line_1_23' title="bbox 416 3109 1471 3187; baseline 0.001 -11"><span class='ocrx_word' id='word_1_189' title='bbox 416 3121 431 3145; x_wconf 80' lang='lat'><strong>‘¹</strong></span> <span class='ocrx_word' id='word_1_190' title='bbox 456 3113 588 3178; x_wconf 89' lang='lat' dir='ltr'><strong>nomine</strong></span> <span class='ocrx_word' id='word_1_191' title='bbox 611 3133 671 3176; x_wconf 89' lang='lat' dir='ltr'><strong>suo</strong></span> <span class='ocrx_word' id='word_1_192' title='bbox 687 3117 722 3176; x_wconf 92' lang='lat' dir='ltr'><strong>et</strong></span> <span class='ocrx_word' id='word_1_193' title='bbox 736 3109 906 3174; x_wconf 87' lang='lat' dir='ltr'><strong>haeredum</strong></span> <span class='ocrx_word' id='word_1_194' title='bbox 922 3129 1057 3172; x_wconf 89' lang='lat' dir='ltr'><strong>suorum</strong></span> <span class='ocrx_word' id='word_1_195' title='bbox 1073 3109 1169 3174; x_wconf 90' lang='lat' dir='ltr'><strong>nobis</strong></span> <span class='ocrx_word' id='word_1_196' title='bbox 1185 3110 1334 3187; x_wconf 85' lang='lat' dir='ltr'><strong>tradidit,</strong></span> <span class='ocrx_word' id='word_1_197' title='bbox 1350 3117 1384 3176; x_wconf 90' lang='lat' dir='ltr'><strong>et</strong></span> <span class='ocrx_word' id='word_1_198' title='bbox 1401 3133 1471 3176; x_wconf 91' lang='lat' dir='ltr'><strong>cre·</strong></span> 
     </span>
     <span class='ocr_line' id='line_1_24' title="bbox 416 3210 1469 3297; baseline -0.001 -19"><span class='ocrx_word' id='word_1_199' title='bbox 416 3222 432 3246; x_wconf 91' lang='lat'><strong>“</strong></span> <span class='ocrx_word' id='word_1_200' title='bbox 456 3213 566 3279; x_wconf 89' lang='lat' dir='ltr'><strong>dimus</strong></span> <span class='ocrx_word' id='word_1_201' title='bbox 589 3235 664 3277; x_wconf 90' lang='lat' dir='ltr'><strong>eum</strong></span> <span class='ocrx_word' id='word_1_202' title='bbox 687 3233 754 3276; x_wconf 92' lang='lat' dir='ltr'><strong>non</strong></span> <span class='ocrx_word' id='word_1_203' title='bbox 770 3210 891 3276; x_wconf 84' lang='lat' dir='ltr'><strong>habere</strong></span> <span class='ocrx_word' id='word_1_204' title='bbox 906 3215 1040 3297; x_wconf 84' lang='lat' dir='ltr'><strong>gratum</strong></span> <span class='ocrx_word' id='word_1_205' title='bbox 1057 3214 1091 3274; x_wconf 87' lang='lat' dir='ltr'><strong>et</strong></span> <span class='ocrx_word' id='word_1_206' title='bbox 1106 3216 1216 3274; x_wconf 86' lang='lat' dir='ltr'><strong>ratum</strong></span> <span class='ocrx_word' id='word_1_207' title='bbox 1240 3211 1361 3276; x_wconf 88' lang='lat' dir='ltr'><strong>habere</strong></span> <span class='ocrx_word' id='word_1_208' title='bbox 1384 3213 1469 3278; x_wconf 91' lang='lat' dir='ltr'><strong>velle</strong></span> 
     </span>
     <span class='ocr_line' id='line_1_25' title="bbox 416 3309 1470 3386; baseline -0.001 -6"><span class='ocrx_word' id='word_1_209' title='bbox 416 3325 432 3350; x_wconf 91' lang='lat'><strong>“</strong></span> <span class='ocrx_word' id='word_1_210' title='bbox 456 3319 496 3380; x_wconf 90' lang='lat' dir='ltr'><strong>ut</strong></span> <span class='ocrx_word' id='word_1_211' title='bbox 518 3314 652 3378; x_wconf 91' lang='lat' dir='ltr'><strong>domino</strong></span> <span class='ocrx_word' id='word_1_212' title='bbox 675 3319 734 3378; x_wconf 93' lang='lat' dir='ltr'><strong>tuo</strong></span> <span class='ocrx_word' id='word_1_213' title='bbox 750 3312 917 3376; x_wconf 86' lang='lat' dir='ltr'><strong>Willelmo</strong></span> <span class='ocrx_word' id='word_1_214' title='bbox 932 3333 972 3374; x_wconf 92' lang='lat' dir='ltr'><strong>ea</strong></span> <span class='ocrx_word' id='word_1_215' title='bbox 987 3309 1172 3386; x_wconf 87' lang='lat' dir='ltr'><strong>liberemus,</strong></span> <span class='ocrx_word' id='word_1_216' title='bbox 1187 3311 1246 3376; x_wconf 90' lang='lat' dir='ltr'><strong>sed</strong></span> <span class='ocrx_word' id='word_1_217' title='bbox 1267 3313 1352 3378; x_wconf 87' lang='lat' dir='ltr'><strong>vade</strong></span> <span class='ocrx_word' id='word_1_218' title='bbox 1366 3319 1402 3378; x_wconf 91' lang='lat' dir='ltr'><strong>et</strong></span> <span class='ocrx_word' id='word_1_219' title='bbox 1416 3314 1470 3380; x_wconf 91' lang='lat' dir='ltr'><strong>dic</strong></span> 
     </span>
     <span class='ocr_line' id='line_1_26' title="bbox 247 3413 1469 3514; baseline -0.002 -33"><span class='ocrx_word' id='word_1_220' title='bbox 247 3448 301 3498; x_wconf 78' lang='lat' dir='ltr'><strong>The</strong></span> <span class='ocrx_word' id='word_1_221' title='bbox 312 3449 392 3514; x_wconf 78' lang='lat' dir='ltr'><strong>garri-</strong></span> <span class='ocrx_word' id='word_1_222' title='bbox 415 3427 432 3450; x_wconf 92' lang='grc'><strong>“</strong></span> <span class='ocrx_word' id='word_1_223' title='bbox 456 3417 487 3481; x_wconf 94' lang='lat' dir='ltr'><strong>ei</strong></span> <span class='ocrx_word' id='word_1_224' title='bbox 511 3423 549 3482; x_wconf 85' lang='lat' dir='ltr'><strong>ut</strong></span> <span class='ocrx_word' id='word_1_225' title='bbox 572 3417 689 3480; x_wconf 85' lang='lat' dir='ltr'><strong>sicam</strong></span> <span class='ocrx_word' id='word_1_226' title='bbox 711 3415 833 3479; x_wconf 90' lang='lat' dir='ltr'><strong>habere</strong></span> <span class='ocrx_word' id='word_1_227' title='bbox 849 3413 1001 3489; x_wconf 89' lang='lat' dir='ltr'><strong>voluerit,</strong></span> <span class='ocrx_word' id='word_1_228' title='bbox 1017 3413 1133 3476; x_wconf 91' lang='lat' dir='ltr'><strong>veniat</strong></span> <span class='ocrx_word' id='word_1_229' title='bbox 1152 3413 1195 3476; x_wconf 86' lang='lat' dir='ltr'><strong>ad</strong></span> <span class='ocrx_word' id='word_1_230' title='bbox 1218 3415 1353 3478; x_wconf 91' lang='lat' dir='ltr'><strong>modum</strong></span> <span class='ocrx_word' id='word_1_231' title='bbox 1370 3414 1469 3479; x_wconf 62' lang='lat' dir='ltr'><strong>boni*</strong></span> 
     </span>
     <span class='ocr_line' id='line_1_27' title="bbox 248 3513 1470 3602; baseline -0.002 -18"><span class='ocrx_word' id='word_1_232' title='bbox 248 3515 391 3592; x_wconf 62' lang='lat' dir='ltr'><strong>sospesne</strong></span> <span class='ocrx_word' id='word_1_233' title='bbox 415 3527 431 3551; x_wconf 90' lang='lat'>“</span> <span class='ocrx_word' id='word_1_234' title='bbox 456 3516 689 3602; x_wconf 83' lang='lat' dir='ltr'><strong>Conquestoris</strong></span> <span class='ocrx_word' id='word_1_235' title='bbox 713 3521 747 3580; x_wconf 93' lang='lat' dir='ltr'><strong>et</strong></span> <span class='ocrx_word' id='word_1_236' title='bbox 769 3515 876 3580; x_wconf 88' lang='lat' dir='ltr'><strong>locum</strong></span> <span class='ocrx_word' id='word_1_237' title='bbox 900 3519 1078 3601; x_wconf 83' lang='lat' dir='ltr'><strong>expugnet,</strong></span> <span class='ocrx_word' id='word_1_238' title='bbox 1103 3513 1290 3600; x_wconf 86' lang='lat' dir='ltr'><strong>habeatque</strong></span> <span class='ocrx_word' id='word_1_239' title='bbox 1313 3516 1343 3580; x_wconf 89' lang='lat' dir='ltr'><strong>si</strong></span> <span class='ocrx_word' id='word_1_240' title='bbox 1365 3518 1470 3602; x_wconf 86' lang='lat' dir='ltr'><strong>possit</strong></span> 
     </span>
     <span class='ocr_line' id='line_1_28' title="bbox 245 3582 1468 3684; baseline -0.001 0"><span class='ocrx_word' id='word_1_241' title='bbox 245 3582 361 3644; x_wconf 59' lang='lat' dir='ltr'><strong>²⁰5¹‘ld&#39;</strong></span> <span class='ocrx_word' id='word_1_242' title='bbox 416 3628 432 3654; x_wconf 89' lang='lat'><strong>“</strong></span> <span class='ocrx_word' id='word_1_243' title='bbox 455 3619 626 3684; x_wconf 76' lang='lat' dir='ltr'><strong>civitatem</strong></span> <span class='ocrx_word' id='word_1_244' title='bbox 661 3623 695 3683; x_wconf 81' lang='lat' dir='ltr'><strong>et</strong></span> <span class='ocrx_word' id='word_1_245' title='bbox 730 3623 875 3682; x_wconf 78' lang='lat' dir='ltr'><strong>castrum</strong></span> <span class='ocrx_word' id='word_1_246' title='bbox 908 3622 943 3682; x_wconf 89' lang='lat' dir='ltr'><strong>et</strong></span> <span class='ocrx_word' id='word_1_247' title='bbox 969 3616 1126 3680; x_wconf 86' lang='lat' dir='ltr'><strong>universa</strong></span> <span class='ocrx_word' id='word_1_248' title='bbox 1152 3616 1187 3680; x_wconf 90' lang='lat' dir='ltr'><strong>in</strong></span> <span class='ocrx_word' id='word_1_249' title='bbox 1216 3617 1263 3682; x_wconf 92' lang='lat' dir='ltr'><strong>eis</strong></span> <span class='ocrx_word' id='word_1_250' title='bbox 1285 3619 1468 3683; x_wconf 80' lang='lat' dir='ltr'><strong>contenta.’&#39;</strong></span> 
     </span>
     <span class='ocr_line' id='line_1_29' title="bbox 415 3717 1470 3805; baseline 0 -21"><span class='ocrx_word' id='word_1_251' title='bbox 415 3721 560 3805; x_wconf 88' lang='lat' dir='ltr'><strong>Moxque</strong></span> <span class='ocrx_word' id='word_1_252' title='bbox 583 3721 764 3798; x_wconf 87' lang='lat' dir='ltr'><strong>recedente,</strong></span> <span class='ocrx_word' id='word_1_253' title='bbox 787 3720 1002 3784; x_wconf 86' lang='lat' dir='ltr'><strong>tetenderunt</strong></span> <span class='ocrx_word' id='word_1_254' title='bbox 1025 3717 1194 3782; x_wconf 84' lang='lat' dir='ltr'><strong>machinas</strong></span> <span class='ocrx_word' id='word_1_255' title='bbox 1218 3725 1252 3784; x_wconf 83' lang='lat' dir='ltr'><strong>et</strong></span> <span class='ocrx_word' id='word_1_256' title='bbox 1283 3718 1352 3784; x_wconf 77' lang='lat' dir='ltr'><strong>ad⁶</strong></span> <span class='ocrx_word' id='word_1_257' title='bbox 1373 3720 1470 3785; x_wconf 88' lang='lat' dir='ltr'><strong>resis-</strong></span> 
     </span>
     <span class='ocr_line' id='line_1_30' title="bbox 414 3819 1469 3908; baseline -0.002 -20"><span class='ocrx_word' id='word_1_258' title='bbox 414 3822 552 3888; x_wconf 84' lang='lat' dir='ltr'><strong>tendum</strong></span> <span class='ocrx_word' id='word_1_259' title='bbox 585 3827 787 3908; x_wconf 88' lang='lat' dir='ltr'><strong>paraverunt</strong></span> <span class='ocrx_word' id='word_1_260' title='bbox 810 3843 852 3886; x_wconf 92' lang='lat' dir='ltr'><strong>se.</strong></span> <span class='ocrx_word' id='word_1_261' title='bbox 899 3819 996 3900; x_wconf 84' lang='lat' dir='ltr'><strong>Quod</strong></span> <span class='ocrx_word' id='word_1_262' title='bbox 1020 3820 1177 3884; x_wconf 90' lang='lat' dir='ltr'><strong>videntes</strong></span> <span class='ocrx_word' id='word_1_263' title='bbox 1209 3820 1301 3886; x_wconf 86' lang='lat' dir='ltr'><strong>Secti</strong></span> <span class='ocrx_word' id='word_1_264' title='bbox 1329 3821 1469 3892; x_wconf 90' lang='lat' dir='ltr'><strong>declina-</strong></span> 
     </span>
    </p>
   </div>
   <div class='ocr_carea' id='block_1_4' title="bbox 414 3922 1470 4008">
    <p class='ocr_par' dir='ltr' id='par_1_4' title="bbox 414 3922 1470 4008">
     <span class='ocr_line' id='line_1_31' title="bbox 414 3922 1470 4008; baseline -0.003 -18"><span class='ocrx_word' id='word_1_265' title='bbox 414 3932 537 3991; x_wconf 81' lang='lat' dir='ltr'><strong>verunt</strong></span> <span class='ocrx_word' id='word_1_266' title='bbox 559 3925 601 3989; x_wconf 90' lang='lat' dir='ltr'><strong>ab</strong></span> <span class='ocrx_word' id='word_1_267' title='bbox 624 3925 714 4002; x_wconf 88' lang='lat' dir='ltr'><strong>urbe,</strong></span> <span class='ocrx_word' id='word_1_268' title='bbox 737 3927 1021 4006; x_wconf 83' lang='lat' dir='ltr'><strong>vastaveruntque</strong></span> <span class='ocrx_word' id='word_1_269' title='bbox 1044 3922 1203 3987; x_wconf 87' lang='lat' dir='ltr'><strong>universa</strong></span> <span class='ocrx_word' id='word_1_270' title='bbox 1224 3943 1286 4008; x_wconf 90' lang='lat' dir='ltr'><strong>per</strong></span> <span class='ocrx_word' id='word_1_271' title='bbox 1301 3923 1470 3988; x_wconf 82' lang='lat' dir='ltr'><strong>medium⁷</strong></span> 
     </span>
    </p>
   </div>
   <div class='ocr_carea' id='block_1_5' title="bbox 447 4217 1470 4290">
    <p class='ocr_par' dir='ltr' id='par_1_5' title="bbox 447 4217 1470 4290">
     <span class='ocr_line' id='line_1_32' title="bbox 447 4217 1470 4290; baseline 0 -16"><span class='ocrx_word' id='word_1_272' title='bbox 447 4225 455 4257; x_wconf 88' lang='lat'>¹</span> <span class='ocrx_word' id='word_1_273' title='bbox 477 4225 544 4275; x_wconf 86' lang='lat' dir='ltr'><strong>Here</strong></span> <span class='ocrx_word' id='word_1_274' title='bbox 557 4239 590 4274; x_wconf 91' lang='lat' dir='ltr'><strong>on</strong></span> <span class='ocrx_word' id='word_1_275' title='bbox 611 4224 672 4274; x_wconf 83' lang='lat' dir='ltr'><strong>both</strong></span> <span class='ocrx_word' id='word_1_276' title='bbox 689 4221 834 4290; x_wconf 80' lang='lat' dir='ltr'><strong>margiusis</strong></span> <span class='ocrx_word' id='word_1_277' title='bbox 849 4220 920 4270; x_wconf 80' lang='lat' dir='ltr'><strong>Secti</strong></span> <span class='ocrx_word' id='word_1_278' title='bbox 1001 4217 1119 4268; x_wconf 71' lang='lat' dir='ltr'><strong>‘tanin</strong></span> <span class='ocrx_word' id='word_1_279' title='bbox 1137 4219 1236 4269; x_wconf 71' lang='lat' dir='ltr'><strong>written</strong></span> <span class='ocrx_word' id='word_1_280' title='bbox 1256 4221 1338 4272; x_wconf 82' lang='lat' dir='ltr'><strong>ebore</strong></span> <span class='ocrx_word' id='word_1_281' title='bbox 1356 4222 1400 4274; x_wconf 83' lang='lat' dir='ltr'><strong>the</strong></span> <span class='ocrx_word' id='word_1_282' title='bbox 1420 4223 1470 4274; x_wconf 87' lang='lat' dir='ltr'><strong>line</strong></span> 
     </span>
    </p>
   </div>
   <div class='ocr_carea' id='block_1_6' title="bbox 414 4297 1471 4506">
    <p class='ocr_par' dir='ltr' id='par_1_6' title="bbox 414 4297 1471 4506">
     <span class='ocr_line' id='line_1_33' title="bbox 414 4297 1041 4355; baseline 0.04 -1"><span class='ocrx_word' id='word_1_283' title='bbox 414 4304 551 4355; x_wconf 77' lang='lat' dir='ltr'><strong>incendunt.</strong></span> <span class='ocrx_word' id='word_1_284' title='bbox 968 4297 994 4347; x_wconf 66' lang='lat' dir='ltr'><strong>in</strong></span> <span class='ocrx_word' id='word_1_285' title='bbox 1007 4301 1041 4348; x_wconf 67' lang='lat' dir='ltr'><strong>A·</strong></span> 
     </span>
     <span class='ocr_line' id='line_1_34' title="bbox 969 4377 1471 4506; baseline 0.03 -88"><span class='ocrx_word' id='word_1_286' title='bbox 969 4454 975 4467; x_wconf 29' lang='grc' dir='ltr'>υ</span> <span class='ocrx_word' id='word_1_287' title='bbox 1001 4377 1075 4506; x_wconf 37' lang='lat' dir='ltr'><strong>kmi]</strong></span> <span class='ocrx_word' id='word_1_288' title='bbox 1107 4377 1207 4429; x_wconf 71' lang='lat' dir='ltr'><strong>written</strong></span> <span class='ocrx_word' id='word_1_289' title='bbox 1235 4377 1318 4430; x_wconf 80' lang='lat' dir='ltr'><strong>above</strong></span> <span class='ocrx_word' id='word_1_290' title='bbox 1340 4379 1385 4431; x_wconf 82' lang='lat' dir='ltr'><strong>the</strong></span> <span class='ocrx_word' id='word_1_291' title='bbox 1419 4383 1471 4434; x_wconf 89' lang='lat' dir='ltr'><strong>line</strong></span> 
     </span>
     <span class='ocr_line' id='line_1_35' title="bbox 967 4471 994 4505; baseline 0.074 -1"><span class='ocrx_word' id='word_1_292' title='bbox 967 4471 994 4505; x_wconf 84' lang='lat' dir='ltr'><strong>rn</strong></span> 
     </span>
    </p>
   </div>
   <div class='ocr_carea' id='block_1_7' title="bbox 411 4494 1473 4760">
    <p class='ocr_par' dir='ltr' id='par_1_7' title="bbox 411 4494 1473 4760">
     <span class='ocr_line' id='line_1_36' title="bbox 446 4494 1473 4604; baseline -0.008 -42"><span class='ocrx_word' id='word_1_293' title='bbox 446 4513 456 4542; x_wconf 83' lang='lat'><strong>³</strong></span> <span class='ocrx_word' id='word_1_294' title='bbox 474 4513 543 4562; x_wconf 88' lang='lat' dir='ltr'><strong>Here</strong></span> <span class='ocrx_word' id='word_1_295' title='bbox 554 4527 587 4561; x_wconf 90' lang='lat' dir='ltr'><strong>on</strong></span> <span class='ocrx_word' id='word_1_296' title='bbox 605 4511 667 4560; x_wconf 74' lang='lat' dir='ltr'><strong>both</strong></span> <span class='ocrx_word' id='word_1_297' title='bbox 688 4509 800 4576; x_wconf 84' lang='lat' dir='ltr'><strong>margins</strong></span> <span class='ocrx_word' id='word_1_298' title='bbox 812 4508 833 4558; x_wconf 88' lang='lat' dir='ltr'><strong>is</strong></span> <span class='ocrx_word' id='word_1_299' title='bbox 847 4509 918 4560; x_wconf 79' lang='lat' dir='ltr'><strong>Secti</strong></span> <span class='ocrx_word' id='word_1_300' title='bbox 1001 4494 1099 4587; x_wconf 56' lang='lat' dir='ltr'><strong>pistre</strong></span> <span class='ocrx_word' id='word_1_301' title='bbox 1110 4552 1144 4587; x_wconf 66' lang='lat' dir='ltr'><strong>on</strong></span> <span class='ocrx_word' id='word_1_302' title='bbox 1155 4537 1218 4587; x_wconf 51' lang='lat' dir='ltr'>both</span> <span class='ocrx_word' id='word_1_303' title='bbox 1235 4539 1347 4604; x_wconf 50' lang='lat' dir='ltr'><strong>marm</strong></span> <span class='ocrx_word' id='word_1_304' title='bbox 1364 4539 1473 4592; x_wconf 47' lang='grc' dir='ltr'><strong>ΗΜ.</strong></span> 
     </span>
     <span class='ocr_line' id='line_1_37' title="bbox 411 4589 1471 4684; baseline -0.001 -17"><span class='ocrx_word' id='word_1_305' title='bbox 411 4591 484 4657; x_wconf 59' lang='lat' dir='ltr'><strong>“pud</strong></span> <span class='ocrx_word' id='word_1_306' title='bbox 500 4589 611 4640; x_wconf 55' lang='lat' dir='ltr'><strong>CUM·</strong></span> <span class='ocrx_word' id='word_1_307' title='bbox 967 4621 1131 4665; x_wconf 60' lang='lat' dir='ltr'><strong>occurerunt</strong></span> <span class='ocrx_word' id='word_1_308' title='bbox 1166 4633 1245 4681; x_wconf 69' lang='lat' dir='ltr'><strong>usque</strong></span> <span class='ocrx_word' id='word_1_309' title='bbox 1273 4617 1414 4684; x_wconf 73' lang='lat' dir='ltr'><strong>Inqclrcode</strong></span> <span class='ocrx_word' id='word_1_310' title='bbox 1447 4629 1471 4670; x_wconf 76' lang='lat' dir='ltr'><strong>e!</strong></span> 
     </span>
     <span class='ocr_line' id='line_1_38' title="bbox 446 4691 1255 4760; baseline 0.006 -18"><span class='ocrx_word' id='word_1_311' title='bbox 446 4696 456 4727; x_wconf 85' lang='lat'><strong>⁴</strong></span> <span class='ocrx_word' id='word_1_312' title='bbox 472 4693 509 4760; x_wconf 78' lang='lat' dir='ltr'><strong>ei]</strong></span> <span class='ocrx_word' id='word_1_313' title='bbox 530 4693 574 4751; x_wconf 78' lang='lat' dir='ltr'><strong>eis,</strong></span> <span class='ocrx_word' id='word_1_314' title='bbox 589 4691 664 4744; x_wconf 83' lang='lat' dir='ltr'>MSS.</span> <span class='ocrx_word' id='word_1_315' title='bbox 678 4693 797 4759; x_wconf 77' lang='lat' dir='ltr'><strong>urongly.</strong></span> <span class='ocrx_word' id='word_1_316' title='bbox 971 4693 1144 4744; x_wconf 78' lang='lat' dir='ltr'><strong>Cambermere</strong></span> <span class='ocrx_word' id='word_1_317' title='bbox 1156 4703 1179 4746; x_wconf 82' lang='lat' dir='ltr'><strong>et</strong></span> <span class='ocrx_word' id='word_1_318' title='bbox 1191 4697 1255 4746; x_wconf 82' lang='lat' dir='ltr'><strong>alic.</strong></span> 
     </span>
    </p>
   </div>
   <div class='ocr_carea' id='block_1_8' title="bbox 446 4407 774 4467">
    <p class='ocr_par' dir='ltr' id='par_1_8' title="bbox 446 4407 774 4467">
     <span class='ocr_line' id='line_1_39' title="bbox 446 4407 774 4467; baseline -0.009 -9"><span class='ocrx_word' id='word_1_319' title='bbox 446 4409 457 4442; x_wconf 78' lang='lat'><em>²</em></span> <span class='ocrx_word' id='word_1_320' title='bbox 473 4415 563 4466; x_wconf 74' lang='lat' dir='ltr'><strong>lamere,</strong></span> <span class='ocrx_word' id='word_1_321' title='bbox 576 4409 627 4466; x_wconf 79' lang='lat' dir='ltr'><strong>A.;</strong></span> <span class='ocrx_word' id='word_1_322' title='bbox 645 4424 707 4467; x_wconf 70' lang='lat' dir='ltr'><strong>crem,</strong></span> <span class='ocrx_word' id='word_1_323' title='bbox 720 4407 774 4457; x_wconf 77' lang='lat' dir='ltr'><strong>MS.</strong></span> 
     </span>
    </p>
   </div>
   <div class='ocr_carea' id='block_1_9' title="bbox 0 0 1818 5784">
    <p class='ocr_par' dir='ltr' id='par_1_9' title="bbox 0 0 1818 5784">
     <span class='ocr_line' id='line_1_40' title="bbox 0 0 1818 5784; baseline 0 2"><span class='ocrx_word' id='word_1_324' title='bbox 0 0 1818 5784; x_wconf 95' lang='lat' dir='ltr'><strong> </strong></span> 
     </span>
    </p>
   </div>
  </div>
 </body>
</html>
