3625 5784
631 892 899 941 enversrarnsrs
922 892 1129 941 onnunreor.
1349 881 1414 943 303

361 1102 443 1146 xxx.
466 1082 558 1146 mille
593 1084 802 1169 pedestribus
836 1082 957 1148 electis.
1006 1082 1050 1147 Et
1085 1083 1255 1168 episcopus
1287 1081 1414 1146 Dunel-

363 1185 484 1247 mensis
507 1206 582 1248 cum
606 1185 797 1271 quingentis
819 1184 955 1249 armatis
979 1190 1013 1249 et
1036 1185 1126 1249 mille
1151 1184 1358 1270 pedestribus
1382 1180 1569 1296 esstafethedng
1627 1258 1630 1263 ,

362 1285 483 1371 populo
506 1287 625 1370 grandi
657 1286 698 1350 de
721 1286 944 1350 Wallensibus
979 1292 1013 1350 et
1037 1286 1324 1371 Hyberuiensibus
1357 1256 1555 1371 quigntfssfps

362 1392 522 1450 venerant
544 1386 586 1449 ad
610 1409 730 1471 regem.
1427 1382 1526 1431 berder.

405 1485 518 1549 llum¹
540 1510 601 1551 rex
623 1487 660 1551 in
691 1488 834 1552 confinio
865 1494 1051 1553 remaneret
1074 1488 1226 1553 dominus
1250 1488 1535 1553 Robertus'lreaeh-

361 1587 403 1650 de
425 1587 500 1663 Boe,
523 1588 676 1653 dominus
699 1590 800 1653 castri
823 1589 864 1653 de
881 1588 982 1655 Werk
1009 1590 1148 1655 allectus
1171 1612 1281 1655 amore
1305 1590 1412 1675 cujus·
1426 1580 1573 1681 ffizssffl'

362 1689 437 1753 darn
461 1691 608 1755 mulieris
627 1691 668 1756 de
691 1714 810 1777 genere
827 1692 999 1757 Scotorum
1018 1715 1115 1777 quam
1142 1714 1273 1757 uxorem
1292 1692 1413 1758 habere
1426 1698 1523 1747 uouere

362 1792 499 1877 cupivit,
536 1793 677 1877 (predam
717 1794 770 1857 die
810 1794 999 1879 procuravit
1041 1793 1237 1858 ll'illelmuru
1277 1794 1412 1858 fratrem
1425 1764 1487 1813 ΒΜ·

254 1976 257 1979 ἦ
360 1915 455 1957 sumu
494 1896 538 1959 ad
576 1908 703 1981 partem
739 1895 921 1971 Scotorum,
954 1896 1065 1960 dicens
1099 1918 1133 1960 se
1167 1895 1412 1961 confederatum

191 1998 335 2093 fayeeol.
360 2018 433 2062 cum
468 1998 523 2074 eis,
546 1997 594 2062 At
625 1998 681 2061 ille
715 1999 833 2074 renuit,
870 1999 992 2075 dicens,
1023 1998 1138 2063 “Tace
1168 1998 1271 2062 frater
1293 1999 1321 2063 si
1346 1999 1413 2063 lue„-

192 2066 267 2114 ’ω’
359 2108 376 2131 “
400 2100 513 2165 feceris
532 2101 566 2162 in
583 2099 793 2185 obprobrium
813 2100 876 2172 eris
899 2099 1229 2165 cunctisnationibus
1245 2111 1278 2164 et
1294 2122 1412 2186 cogna-

359 2210 375 2233 “
399 2201 484 2266 tioni
500 2207 567 2266 tuae
583 2202 618 2265 in
634 2201 854 2267 scandalunr.''
880 2202 925 2265 At
944 2202 1013 2287 ipse
1030 2202 1141 2265 eadem
1160 2207 1255 2266 nocte
1271 2202 1413 2267 latenter

358 2303 500 2367 recessit.
547 2303 646 2366 Mane
680 2303 767 2367 facto
800 2303 868 2387 ipse
892 2303 1076 2367 Willelrnus
1110 2304 1310 2389 significarit
1343 2304 1411 2389 regi

359 2403 524 2470 Edwardo
562 2405 641 2481 haee,
675 2426 792 2490 rogans
827 2406 990 2469 auxilium
1023 2406 1087 2469 sibi
1120 2406 1220 2482 mitti,
1252 2428 1294 2470 ne
1325 2406 1411 2471 forte

361 2506 451 2573 Scoti
485 2509 656 2573 venientes
691 2507 854 2573 violenter
887 2514 1032 2573 castrum
1067 2509 1110 2573 ab
1142 2530 1179 2573 eo
1213 2508 1410 2595 abriperent.

360 2609 439 2673 Mox
462 2632 520 2673 rex
554 2610 647 2675 misit
669 2610 890 2675 millenarium
924 2611 1064 2675 militem
1098 2632 1172 2675 cum
1205 2610 1296 2675 mille
1320 2610 1410 2687 viris,

360 2710 409 2794 [et
430 2709 696 2796 centenarium].²
753 2711 837 2777 (lum
861 2712 897 2774 in
920 2717 1017 2777 nocte
1032 2712 1183 2796 sequenti
1207 2712 1243 2775 in
1266 2711 1347 2776 villa
1370 2712 1411 2776 de

359 2810 551 2877 Prestefen³
589 2818 820 2898 pernoctarent
847 2812 932 2876 nihil
968 2813 1053 2877 male
1092 2813 1303 2898 suspicantes,
1338 2834 1410 2879 ecce

358 2914 510 2980 seductor
531 2916 589 2981 ille
612 2916 777 2981 Robertus
800 2916 867 2980 Ros
890 2916 985 2981 venit
1000 2938 1074 2981 curn
1099 2916 1219 3002 populo
1236 2916 1409 2983 Scotorum
1423 2919 1463 2969 He
1475 2917 1562 2985 brings

357 3016 415 3100 qni
447 3022 542 3081 “ant
576 3018 611 3081 5¹¹
646 3017 798 3102 praesidjo
831 3018 927 3081 castri
964 3018 1005 3081 de
1028 3016 1237 3104 Rokisborg,⁴
1269 2984 1570 3115 latente1·{,¹}‚‘{,ff⁰t‘{,¹ssh

357 3118 494 3183 veniens
523 3125 630 3184 totam
664 3119 777 3183 villam
810 3120 1014 3183 clandestine
1047 3120 1270 3185 circumduxit
1282 3145 1289 3201 ;
1312 3122 1409 3186 dede·
1423 3117 1530 3181 English
1542 3127 1570 3168 at

538 3222 545 3235 .
682 3221 689 3234 .
931 3221 937 3233 .
1424 3185 1577 3249 ltoxburgh.

356 3227 497 3304 rantque
519 3243 651 3307 signum
680 3226 769 3284 inter
790 3243 826 3286 se
849 3228 888 3285 ut
913 3242 959 3286 src
992 3242 1068 3285 suos
1090 3228 1207 3287 mutuo
1240 3244 1410 3309 cognosce-

356 3328 432 3386 rent
463 3323 499 3386 in
531 3345 705 3409 congressu
741 3344 814 3387 cum
856 3324 1013 3409 Anglicis,
1053 3331 1092 3388 ut
1130 3324 1248 3389 Scotua
1285 3326 1410 3392 diceret

357 3424 495 3506 Anglioe
511 3433 527 3457 “
541 3424 678 3502 abac?
694 3424 780 3489 ulter
803 3425 1024 3510 responderet,
1040 3434 1056 3459 “
1069 3425 1225 3503 surcute,''
1242 3433 1277 3492 et
1299 3449 1316 3491 e
1333 3450 1408 3493 eon-

356 3546 457 3590 verso,
504 3527 549 3591 Et
578 3528 626 3591 sic
649 3528 706 3611 qui
740 3547 807 3590 non
831 3528 1074 3612 responderent,
1106 3551 1165 3614 pro
1198 3536 1287 3595 certo
1311 3531 1408 3595 lrabe-

355 3634 470 3692 rentur
507 3628 648 3713 Anglici,
684 3634 718 3692 et
755 3637 862 3693 morte
899 3628 1075 3713 plectendi.
1127 3630 1167 3693 Et
1205 3631 1408 3697 circumdata

354 3731 435 3795 villa
457 3732 572 3794 statim
588 3732 699 3816 ignom
715 3737 943 3817 apposuerunt
959 3733 1199 3799 conclamantes
1214 3734 1250 3797 in
1266 3741 1406 3800 mortem

354 3833 547 3917 Anglorunr.
594 3831 726 3917 Anglici
760 3854 837 3897 vero
860 3834 1039 3918 stupefacti
1073 3847 1107 3899 et
1140 3836 1319 3901 nescientes
1342 3860 1408 3921 qua

354 3940 447 4019 parte
470 3956 504 3998 se
527 3933 740 4009 diverterent,
765 3940 881 3997 mutuo
904 3954 939 3997 se
962 3935 1142 4011 caedebant,
1166 3942 1199 4000 et
1222 3938 1407 4002 abinvicem

353 4042 552 4101 corruerunt.
600 4035 818 4101 (lentenarius
857 4034 1055 4100 Oliffiandiae
1094 4059 1167 4102 cum
1207 4039 1329 4103 multos
1373 4062 1406 4103 se
1421 4046 1501 4108 irony

353 4137 560 4202 defendendo
584 4136 784 4223 peremisset,
801 4137 935 4201 tandem
958 4137 1028 4222 ipse
1052 4140 1184 4215 corruit,
1203 4139 1405 4205 millenarius
1422 4111 1527 4236 {affin

365 4356 455 4361 ——..-
482 4356 491 4360 -
590 4354 1404 4363 .-----———-—————-—---—-——e——.—

387 4489 394 4520 ¹
412 4492 453 4541 On
473 4490 517 4539 the
528 4488 627 4555 margin
644 4488 672 4538 of
682 4488 727 4549 A,
737 4490 783 4537 but
800 4486 827 4536 in
838 4503 854 4536 a
907 4485 933 4535 in
946 4486 979 4536 A.
991 4486 1063 4538 there
1075 4504 1156 4539 seems
1174 4497 1201 4539 to
1213 4490 1278 4541 have
1298 4494 1361 4544 been
1373 4512 1406 4545 un

352 4570 415 4618 later
433 4568 510 4627 hund,
532 4569 553 4617 is
576 4566 702 4618 liebertus
734 4566 788 4614 Ros
804 4582 853 4629 pro
906 4574 1011 4629 attempt
1024 4576 1050 4616 lo
1062 4582 1133 4617 erese
1145 4568 1188 4617 the
1200 4572 1291 4621 words.

351 4647 547 4707 umoresemr'me
564 4646 670 4696 Scoticoe
686 4644 805 4707 proditor
817 4642 855 4707 fil
940 4643 1123 4695 ¹lltlerrvurdn
1137 4646 1252 4697 Preston.

353 4726 410 4791 rapi
421 4724 559 4775 Eduardo.
940 4722 949 4754 ⁴
968 4720 1117 4788 Roleisbrop,
1134 4724 1191 4776 MS.

384 4802 435 4851 ‘let
455 4800 635 4861 calcearium]
655 4817 705 4851 om.
718 4799 784 4859 MS,
802 4800 853 4850 und
881 4749 886 4869 l
