3625 5784
427 859 492 923 204
776 869 922 918 usurum
945 867 1128 917 surcurou

428 1061 516 1125 idem
541 1081 599 1124 rex
633 1081 727 1126 cruce
760 1060 912 1146 signatus
949 1064 1001 1124 est
1031 1059 1068 1123 in
1101 1058 1187 1124 festo
1217 1058 1366 1124 omnium
1388 1079 1482 1123 sano·

259 1175 329 1226 an.
343 1179 416 1224 raro.
432 1167 542 1228 torum
566 1161 679 1228 codem
702 1183 790 1228 anno
812 1161 938 1228 seilicet
960 1179 1103 1226 uccxvr.

475 1263 569 1328 Mox1
607 1273 701 1344 igitur
734 1274 766 1328 in
804 1273 878 1328 testo
923 1273 1121 1344 apostolorum
1160 1272 1289 1329 Simonis
1326 1277 1358 1328 et
1395 1270 1482 1326 Judm
1495 1278 1639 1342 cistrensis,

430 1363 576 1420 Haurioua
611 1363 691 1417 filius
726 1362 871 1418 «Iohannis
904 1380 978 1433 puer
1010 1381 1115 1418 novem
1147 1379 1292 1417 annorum
1326 1361 1358 1416 in
1380 1350 1569 1432 rogomm-

430 1452 567 1523 origitur,
583 1451 696 1507 viribus
718 1457 749 1507 et
772 1450 918 1506 industria
934 1442 1084 1506 Gualoni²
1107 1449 1197 1522 legati
1212 1468 1306 1524 papae,
1324 1450 1481 1524 Wyntoni·
1493 1437 1573 1503 ffit‘l·
1585 1437 1636 1490 'ffi-

431 1541 509 1598 ensis
531 1542 670 1614 episcopi,
695 1540 836 1596 comitum
859 1540 894 1595 de
917 1541 1069 1598 Penbroke
1091 1545 1121 1596 et
1144 1540 1272 1598 cestriae.
1497 1508 1554 1562 Μ’
1568 1509 1623 1555 ¹⁹⁸⁸

257 1635 313 1712 'qu
324 1647 395 1685 001⁰·
477 1635 576 1700 Anno
614 1634 740 1699 domini
779 1650 922 1700 Mccxvl.
952 1633 994 1719 vj.
1029 1633 1247 1699 kalendarum
1282 1631 1482 1698 Novembris
1494 1643 1605 1718 leyces-

258 1707 417 1827 ἓῗξξὲθὲὲῐ,
432 1737 573 1802 devotus
622 1737 676 1801 dei
733 1735 841 1800 cultor
887 1734 1025 1799 illustris
1071 1735 1236 1799 Henricus
1287 1756 1347 1799 rex
1391 1733 1481 1821 apud
1494 1715 1594 1759 “⁰⁰⁸³

258 1833 394 1910 forWest
434 1838 646 1904 Glovemiam
681 1841 855 1902 coronatus
888 1843 939 1901 est
972 1837 1129 1921 quoniam
1153 1836 1482 1902 westmonasterium

259 1907 403 2016 fflsffirthe
434 1940 491 2004 ubi
538 1939 627 2004 locus
665 1942 716 2002 est
762 1959 803 2002 ex
845 1937 1083 2003 consuetudine
1131 1938 1230 2025 regiae
1278 1937 1483 2003 coronationi

260 2031 411 2150 ξζῡῗξοῑὼ
435 2042 613 2125 deputatus
636 2045 671 2105 et
694 2040 942 2119 consecrationi,
966 2045 1047 2105 tunc
1080 2040 1123 2105 ab
1157 2039 1299 2106 inimicis
1322 2041 1392 2105 suis
1414 2039 1483 2104 tuit

291 2115 305 2149 θ
335 2113 377 2148 ‘⁸⁰
413 2132 624 2224 'obsessum3
647 2143 704 2208 scd
728 2143 763 2208 iu
790 2164 877 2208 anno
910 2148 1029 2228 quarto
1062 2144 1213 2228 sequenti
1247 2141 1337 2229 apud
1374 2143 1483 2206 West·

433 2245 671 2308 monasterium
694 2248 745 2310 est
767 2244 889 2310 iterum
912 2249 1094 2311 coronatae

747 2553 1148 2562 ———.-..—.-———-

834 2785 944 2871 [our.
968 2784 1099 2870 xvir

434 2965 606 3124 *Nunc
651 2967 765 3030 statim
811 2963 905 3029 amici
955 2964 1035 3028 novi
1080 2965 1166 3050 regis
1211 2970 1408 3052 congregato
1442 2988 1486 3032 ex

564 3068 727 3133 universis
749 3065 929 3154 provinciis
952 3065 1098 3130 exercitu
1122 3066 1250 3151 copioso
1280 3073 1487 3133 occurrerent

435 3171 621 3258 Lodowyco
659 3175 694 3236 et
740 3167 920 3234 baronibus
958 3167 1016 3253 qui
1054 3187 1128 3233 cum
1174 3189 1213 3233 eo
1257 3174 1353 3234 erant
1396 3169 1486 3255 apud

264 3285 344 3336 Graec
435 3272 676 3360 Lynoolniam⁵
711 3272 747 3336 in
784 3291 872 3336 anno
903 3270 1064 3355 sequenti,
1094 3273 1128 3334 et
1160 3270 1331 3336 commisso
1362 3271 1486 3336 ibidem

264 3351 381 3468 ffiffgffi
434 3375 531 3462 gravi
555 3374 669 3461 praelio
692 3373 768 3440 caesi
802 3377 882 3437 eunt
916 3371 1016 3436 multi
1050 3393 1093 3436 ex
1125 3376 1220 3457 parte
1242 3373 1429 3459 Lodowyci,
1451 3378 1487 3440 et

438 3479 670 3562 magnatorum
693 3473 805 3561 plures
827 3471 917 3558 eapti
940 3477 1027 3550 sunt,
1050 3472 1255 3559 fugientibus
1280 3475 1406 3540 caeteris
1428 3475 1487 3561 qui

437 3597 496 3662 per
518 3576 714 3642 velociorem
736 3574 853 3660 fugem
877 3595 912 3638 se
934 3573 1063 3639 salvare
1086 3580 1251 3659 poterant.
1296 3575 1487 3662 Captusque

437 3683 488 3742 est
535 3677 739 3762 Lodowycus
788 3675 877 3740 filius
930 3675 1017 3762 regis
1066 3674 1216 3741 Franoiae
1262 3697 1337 3742 cum
1381 3678 1489 3744 multa

266 3791 421 3868 capturam
438 3779 568 3846 fecisset
591 3779 688 3856 male,
713 3781 941 3862 vastassetque
971 3776 1240 3863 plurimamque
1263 3776 1487 3864 Lyncolniam,

265 3861 353 3910 Μ’·
436 3887 471 3947 et
513 3887 594 3946 tunc
637 3880 854 3966 adimpletum
889 3885 941 3944 est
979 3879 1120 3943 verbum
1161 3879 1265 3964 patris
1303 3881 1363 3958 sui,
1400 3883 1488 3966 quod

435 3983 567 4049 nunciis
590 3983 739 4069 ejusdem
762 3981 824 4047 filii
843 3980 917 4066 jam
940 3980 1067 4046 dudum
1101 3979 1239 4046 dixerat
1291 3981 1377 4048 Cum
1399 3983 1487 4048 enim

469 4234 652 4299 ¹Moaei91'tur
687 4269 693 4282 .
729 4270 734 4280 .
770 4269 775 4280 .
812 4267 818 4280 .
847 4231 938 4280 iterum
988 4229 1098 4281 minated
1126 4234 1201 4282 letter
1227 4234 1296 4291 herc,
1317 4231 1416 4299 though
1443 4243 1489 4285 not

434 4313 584 4380 coronam]
637 4311 700 4362 This
744 4325 852 4376 passage
885 4325 937 4359 was
987 4307 1153 4374 followedby
1164 4325 1215 4376 any
1226 4311 1472 4376 largereharrctcrr.

434 4392 539 4442 omitted
556 4391 592 4455 by
612 4390 656 4440 the
678 4389 761 4440 scribe
780 4388 807 4437 in
824 4389 868 4449 A,
886 4389 937 4437 and
1021 4387 1032 4420 ⁴
1049 4387 1112 4438 This
1131 4389 1206 4438 letter
1222 4391 1358 4454 completos
1374 4392 1418 4442 the
1435 4408 1489 4443 sur

434 4479 480 4535 put
502 4471 648 4521 aherwmds
668 4475 694 4518 at
717 4468 761 4518 the
776 4467 833 4518 foot
849 4467 879 4516 os
892 4467 936 4517 the
987 4481 1062 4516 name
1073 4467 1155 4518 ottho
1165 4467 1256 4530 writer,
1268 4482 1413 4521 ammaon.

435 4564 507 4616 page.
1020 4545 1117 4595 ‘Here
1132 4561 1166 4596 on
1182 4546 1243 4598 both
1262 4549 1409 4616 marginsis
1428 4549 1490 4601 Tri.

468 4626 627 4694 ²Gualorrr']
647 4625 786 4690 omliigd.
987 4625 1141 4691 naptarum
1168 4628 1243 4693 apud
1270 4628 1437 4694 lyacolar'am
1464 4636 1490 4682 ot

468 4706 479 4738 ³
495 4705 552 4756 Tha
568 4706 672 4770 chapter
687 4705 710 4754 is
726 4711 770 4755 not
787 4704 894 4755 marked
910 4703 938 4753 in
987 4705 1059 4772 q'ertr'
1068 4711 1127 4755 rant
1138 4704 1245 4758 Franci.

436 4785 517 4835 either
534 4783 600 4844 MS,
611 4786 657 4834 but
672 4783 735 4834 both
752 4782 817 4833 have
834 4799 867 4833 un
879 4782 937 4832 illu·
