3625 5784
632 921 903 973 urvcrsrrrnsrs
925 921 1136 973 canonicor.
1353 913 1417 982 109

366 1117 386 1142 “
411 1133 522 1173 saemm
545 1117 729 1190 scripturam,
753 1123 838 1174 vetus
852 1123 883 1173 et
897 1135 1006 1173 novum
1029 1121 1247 1182 testamentum,
1272 1117 1365 1188 legem
1389 1123 1419 1173 et

367 1207 387 1232 ‘⁸
411 1206 577 1279 prophetas,
593 1209 747 1278 evangelia
762 1212 791 1263 et
806 1225 931 1263 canones
943 1207 1149 1279 apostolorum,
1174 1205 1273 1262 omnia
1289 1205 1419 1262 Ooncilia

367 1296 386 1321 “
410 1297 588 1352 universalia
599 1302 629 1352 et
638 1297 754 1354 decreta
762 1297 961 1352 Romanorum
973 1296 1158 1361 Pontificum,
1175 1295 1252 1366 quod
1261 1300 1420 1351 tenuerunt

367 1386 387 1411 ‘⁶
411 1391 505 1454 bueo,
521 1386 599 1458 quod
621 1386 856 1459 dampnaverunt
871 1386 1009 1459 dampn0,
1026 1383 1176 1458 potissime
1200 1385 1275 1440 illud
1297 1385 1417 1457 privile·

367 1475 386 1500 “
411 1475 496 1546 gium
511 1475 589 1548 quod
611 1475 710 1547 potius
733 1476 899 1532 vocandum
914 1481 959 1531 est
970 1473 1165 1547 pravilegium
1180 1492 1275 1547 nuper
1289 1473 1417 1530 Henrico

366 1564 386 1590 “
410 1581 579 1621 eoncessum
601 1565 794 1638 dampnamus
816 1565 848 1619 in
871 1554 1045 1620 aternum.''

410 1653 528 1710 Mortuo
551 1654 700 1712 Willelmo
723 1653 914 1710 Dunelmensi
945 1653 1080 1726 episcopo
1111 1671 1162 1710 rex
1196 1651 1324 1710 contulit
1355 1652 1418 1726 epi·

365 1749 514 1816 scopatum
537 1744 666 1800 Waltero
689 1743 812 1800 senioris
834 1742 975 1800 Willelmi
1006 1743 1154 1815 capellano
1177 1743 1333 1815 quondam,
1356 1760 1418 1797 mo·

365 1832 514 1889 diantibus
536 1833 619 1890 mille
641 1832 732 1889 libris
778 1833 837 1889 Hic
859 1850 923 1888 reos
946 1832 983 1888 ad
1001 1832 1153 1888 aeclesiam
1175 1833 1269 1888 sancti
1285 1831 1419 1888 (lotberti

365 1921 512 1992 fugientes
541 1923 693 1990 abstraxit,
718 1923 876 1978 monachos
907 1922 964 1978 loci
987 1921 1076 1978 etiam
1111 1921 1219 1978 inritos
1253 1939 1352 1978 secum
1386 1920 1417 1976 in

365 2011 433 2066 aula
464 2030 517 2067 sua
548 2011 690 2084 prandere
731 2012 812 2077 fecit,
858 2011 938 2066 cibos
975 2011 1083 2066 vetitos
1117 2011 1233 2082 publice
1270 2011 1416 2084 apposuit,

366 2101 501 2156 mulieres
523 2102 609 2157 vultu
631 2107 662 2157 et
683 2106 765 2157 veste
786 2118 920 2172 procaces
939 2099 1046 2172 sparsis
1067 2106 1134 2172 post
1148 2105 1265 2172 tergum
1288 2100 1418 2156 crinibus

364 2189 532 2246 ministrare
555 2191 719 2258 constituit,
734 2190 786 2246 nbi
801 2191 851 2245 vix
866 2188 1019 2262 quisquam
1040 2189 1257 2261 irreprehensus
1275 2190 1418 2255 aboessit;

363 2279 502 2351 quoniam
525 2279 551 2334 si
573 2281 672 2336 oculos
695 2285 839 2336 averteret
864 2279 1019 2352 hipocrita‚
1044 2278 1068 2334 si
1088 2278 1163 2350 jocis
1178 2279 1330 2345 alluderet,
1348 2279 1418 2334 irre·

363 2386 466 2425 verens
489 2369 651 2425 diceretur:
684 2370 743 2425 Hic
765 2375 864 2424 tamen
887 2366 1011 2440 gloriam
1042 2369 1215 2425 nonnullam
1247 2369 1417 2441 promeruit,

363 2475 416 2529 pro
438 2476 473 2514 eo
503 2459 582 2530 qnod
613 2459 677 2532 ipso
708 2463 882 2531 procurante
915 2475 1019 2530 corpus
1055 2457 1188 2513 Outberti
1222 2477 1238 2515 e
1272 2459 1418 2514 mausoleo

363 2547 491 2602 levatum
515 2548 564 2613 sit,
588 2548 753 2604 recentibus
774 2547 904 2603 vestibus
928 2547 1151 2613 circumdatum,
1174 2553 1318 2620 caputque
1340 2547 1419 2617 regis

364 2637 489 2692 Oavvaldi
513 2638 591 2693 inter
612 2637 731 2693 brachia
752 2635 816 2707 ejus
837 2642 883 2692 est
910 2642 1064 2708 repertum.
1111 2636 1278 2692 Osmnndus
1308 2635 1417 2708 episco-

364 2744 418 2797 pus
441 2725 664 2783 Ssrisburiensis
687 2728 768 2783 obiit.
814 2727 879 2782 Hoc
902 2743 1016 2798 quoque
1046 2743 1124 2780 anno
1146 2726 1252 2780 fluctus
1285 2723 1416 2781 marinus

363 2834 415 2886 per
437 2816 615 2872 Thamisiam
638 2816 796 2872 ascendens
817 2816 904 2871 villas
931 2814 1096 2870 submersit.
1145 2815 1285 2870 Diabolus
1317 2813 1418 2869 visibi-

365 2905 434 2960 liter
455 2906 627 2977 loquebatur
650 2906 686 2962 de
708 2905 787 2976 regis
818 2904 932 2960 malitia
955 2921 1022 2960 cum
1053 2903 1231 2972 hominibus,
1264 2909 1295 2958 et
1326 2909 1419 2958 morte

365 2994 478 3050 festina.
525 2997 569 3051 De
592 3012 648 3067 quo
678 3012 728 3050 rex
760 2993 952 3066 premunitus
984 2991 1083 3048 omnia
1113 2992 1307 3065 parvipendit.
1356 2993 1419 3047 Hoc

365 3083 455 3138 etiam
477 3103 555 3140 anno
577 3085 667 3155 Hugo
702 3073 924 3142 cluniacensis¹
957 3081 1033 3136 vidit
1054 3100 1106 3153 per
1141 3081 1286 3138 somnium
1319 3099 1418 3152 regern

365 3173 544 3228 Willelmum
577 3191 674 3230 eoram
704 3173 758 3230 deo
792 3172 951 3228 adductum
974 3177 1003 3226 et
1038 3171 1236 3244 dampnatum.
1284 3171 1367 3240 Quod
1390 3177 1420 3225 et

366 3263 455 3333 Hugo
477 3264 579 3319 retulit
600 3263 741 3319 Auselmo
764 3262 905 3319 exulanti.
954 3261 1039 3320 Vidit
1069 3263 1158 3317 etiam
1189 3278 1239 3316 rex
1275 3260 1335 3334 ipse
1368 3278 1420 3332 per

366 3352 531 3424 sompnium
554 3372 585 3408 sc
608 3353 766 3408 flebotomii
790 3352 850 3407 ictu
882 3351 1052 3422 sanguinem
1078 3351 1212 3406 emittere
1244 3347 1296 3422 qui
1329 3350 1419 3406 solem

366 3441 556 3508 obnubilavit,
566 3442 644 3497 unde
660 3448 689 3497 et
701 3443 808 3514 saepius
823 3438 1019 3496 inclamitavit
1036 3441 1053 3465 '⁴
1067 3442 1175 3497 Sancta
1190 3441 1294 3507 Maria,
1313 3439 1420 3496 Sancta

367 3533 386 3555 “
411 3531 535 3588 Maria.”
583 3531 711 3603 Sompuo
728 3549 847 3587 excusso
869 3531 970 3585 lumen
986 3528 1084 3585 afferri
1107 3537 1137 3586 et
1153 3529 1345 3585 cubicularios
1360 3547 1419 3584 non

367 3619 503 3676 decedere
522 3619 621 3690 jussit.
673 3621 772 3691 igitur
794 3619 881 3676 tertio
902 3637 1047 3674 nonarum
1071 3619 1199 3691 Augusti
1221 3637 1299 3674 anno
1314 3619 1419 3690 gratioe

367 3725 414 3765 nc.
437 3709 523 3780 regni
554 3710 600 3765 sui
623 3709 684 3781 xiij.
709 3710 805 3765 aetatis
828 3727 887 3764 sum
919 3699 1006 3780 xliijl
1036 3708 1068 3763 in
1091 3728 1167 3765 nova
1197 3710 1302 3765 foresta
1329 3709 1500 3779 sagit-Al).
1516 3717 1588 3763 1100.

366 3804 445 3854 tatus
467 3818 485 3855 a
507 3800 637 3856 Waltero
659 3800 746 3872 Tyrel
769 3799 824 3854 sibi
846 3797 986 3854 familiari
1008 3798 1078 3852 dum
1102 3817 1218 3855 cervum
1245 3797 1420 3864 intenderet,

368 3877 528 3956 occubuit³
550 3889 652 3961 paucis
678 3888 868 3961 plorantibus.
916 3888 1018 3943 Evasit
1040 3888 1187 3946 Walteruc
1203 3888 1320 3944 nemine
1343 3887 1419 3942 inse-

368 3982 494 4048 quente:
518 3978 617 4049 sicque
640 3979 672 4034 in
694 3978 785 4034 rheda
807 3977 963 4033 caballaria
985 3995 1036 4034 rex
1052 3977 1205 4050 impositus
1222 3978 1329 4034 sensim
1353 3993 1420 4032 san·

368 4067 488 4136 guinem
512 4066 658 4124 distillans
681 4085 772 4140 usque
790 4067 980 4140 Wyntoniam
1003 4065 1164 4122 deducitur.
1211 4067 1294 4122 Infra
1316 4067 1420 4121 turrim

368 4156 496 4229 episcopi
518 4158 658 4229 sepelitur
680 4175 746 4230 quer
762 4157 839 4212 infra
853 4175 963 4212 annum
987 4155 1100 4223 cecidit.
1145 4155 1200 4212 Vir
1224 4154 1273 4210 ille
1288 4155 1422 4227 ingentia
1497 4183 1520 4220 ,ι

370 4263 549 4316 praesumens
570 4252 601 4302 et
623 4247 790 4319 ingentiora
811 4264 976 4319 proponens
998 4246 1136 4301 silatum
1150 4244 1220 4300 vita
1236 4245 1421 4315 suppetisset.

370 4334 502 4406 Denique
524 4342 592 4392 aute
615 4337 779 4409 proximum
810 4335 888 4391 diem
912 4335 1014 4390 mortis
1047 4352 1107 4389 ause
1139 4333 1336 4403 interrogatus
1369 4330 1421 4387 ubi

370 4424 475 4479 festum
509 4425 608 4480 natale
648 4429 748 4480 tenere
778 4426 877 4492 vellet,
907 4423 1067 4496 respondit,
1100 4421 1239 4486 Pictavis,
1275 4438 1309 4476 eo
1344 4421 1421 4492 qnod

369 4531 464 4570 comes
502 4515 560 4570 loci
591 4515 671 4570 iilius
703 4515 968 4570 Ierosolimitanum
1003 4512 1060 4568 iter
1092 4511 1220 4582 gestiens
1251 4511 1279 4565 ei
1313 4516 1421 4565 terram

402 4755 677 4822 1cirlurr,add.lligd.
951 4751 1020 4802 ³On
1046 4751 1108 4801 both
1131 4750 1253 4816 margins,
1282 4751 1424 4804 Willelmas

401 4832 621 4899 maerorem
638 4839 739 4899 quarto,
751 4831 830 4901 fligd.
919 4829 1040 4882 constitit.
