3625 5784
418 917 482 984 154
748 930 897 981 ssunrcr
920 929 1102 982 suasuros

417 1120 611 1203 cynonense¹
635 1135 763 1188 castrum
785 1149 836 1187 rex
853 1130 1000 1187 Hauricus
1022 1130 1182 1198 decederet,
1207 1149 1308 1188 omnes
1338 1132 1468 1187 circum·

419 1227 530 1276 stantes
553 1221 596 1276 ita
610 1221 763 1293 rapacitati
787 1222 985 1287 indulserunt,
1001 1227 1035 1276 ut
1051 1239 1154 1293 corpus
1170 1211 1268 1292 regis2
1291 1221 1341 1276 diu
1355 1221 1466 1292 jaceret

419 1309 543 1376 nudum,
567 1312 658 1367 donee
680 1330 753 1384 puer
777 1310 896 1382 quidam
928 1311 1079 1366 inferiores
1102 1312 1228 1382 corporis
1250 1316 1347 1383 partes
1379 1312 1469 1384 pallio

418 1399 500 1456 brevi
523 1406 698 1472 contegeret.
742 1402 781 1456 Et
805 1405 879 1457 tunc
902 1400 1057 1457 videbatur
1087 1417 1248 1472 cognomen
1276 1400 1340 1472 ejus
1370 1403 1466 1457 adim·

418 1491 542 1560 pletum,
570 1508 627 1562 quo
662 1491 699 1546 ab
733 1491 861 1545 infantia
894 1491 1053 1546 vocabatur
1085 1491 1231 1546 Henricus
1255 1489 1467 1565 Conrtmantyl.

417 1579 495 1634 Nam
526 1579 581 1635 ista
619 1579 732 1651 primns
770 1580 903 1635 omnium
942 1585 1026 1636 curta
1057 1581 1192 1636 montilla
1225 1579 1262 1635 ab
1296 1580 1469 1652 Andagavia

418 1669 580 1724 transvexit
601 1670 634 1724 in
666 1669 817 1740 Angliam.
865 1670 1011 1725 Ferebant
1043 1687 1157 1742 quoque
1181 1669 1217 1726 do
1239 1687 1274 1726 eo
1297 1670 1348 1741 qui
1371 1671 1468 1726 funeri

417 1759 562 1825 astabant,
578 1758 656 1831 quod
680 1760 820 1830 quamdiu
844 1758 988 1815 Ricardus
1011 1758 1091 1814 lilius
1114 1775 1183 1814 suus
1215 1764 1337 1831 paterno
1360 1765 1467 1816 astaret

418 1847 561 1913 cadaveri,
598 1853 723 1921 utraque
752 1849 845 1921 patris
873 1849 953 1904 uaris
991 1849 1166 1920 sanguinem
1194 1848 1358 1905 distillavit.
1413 1851 1468 1905 Per

417 1935 482 2007 viij.
512 1937 574 1994 dies
598 1942 667 1993 ante
691 1939 805 1993 obitum
830 1937 922 2009 hujus
942 1937 1020 2008 regis
1041 1940 1134 2011 pisces
1153 1938 1190 1994 de
1211 1939 1338 2010 quodam
1363 1943 1468 2010 stagno

417 2026 609 2082 Normanuiae
633 2026 787 2084 exilientes
817 2032 964 2084 nocturno
985 2034 1115 2100 tempore
1139 2046 1206 2085 cum
1233 2032 1319 2084 tanto
1342 2028 1468 2100 strepitu

418 2121 488 2170 sunt
510 2117 658 2188 congressi
680 2121 715 2172 ut
737 2117 871 2174 homines
906 2117 1000 2174 ricini
1032 2119 1069 2174 ad
1092 2117 1289 2191 spectaculum
1318 2117 1469 2174 venientes

416 2204 468 2260 six
489 2223 583 2261 unum
605 2207 715 2278 piscem
738 2209 926 2279 superstitem
950 2209 1118 2280 reperirent

249 2300 387 2353 simron
463 2298 533 2362 Iste
555 2298 720 2365 Henricus
743 2299 825 2364 bene
848 2305 883 2364 et
905 2301 1085 2386 prudenter
1115 2300 1281 2389 regulavit
1310 2299 1468 2387 populum
1481 2309 1591 2387 Leyesa

247 2368 377 2488 {lum
417 2421 515 2465 suum
546 2422 619 2466 cum
650 2406 741 2466 reeta
768 2401 912 2486 justitia,
937 2407 970 2467 et
1001 2423 1136 2488 gravem
1170 2409 1204 2468 et
1236 2403 1371 2469 celerem
1395 2383 1580 2466 vin-¹¹⁰⁰⁵¹⁵'

418 2502 541 2567 dictam
553 2502 593 2567 de
609 2502 793 2569 latronibus
805 2509 839 2569 et
851 2503 979 2568 iuribus
997 2503 1074 2590 [et]³
1088 2505 1276 2591 raptoribus
1292 2505 1469 2570 admodum

418 2604 573 2670 exercuit.
620 2604 732 2692 Hujus
756 2606 895 2672 Henrici
919 2613 1065 2691 ternpore
1099 2607 1211 2672 nullus
1243 2608 1327 2673 latro
1363 2629 1469 2693 neque

247 2720 347 2783 Wrong
417 2716 539 2796 raptor,
573 2709 739 2778 homicida
760 2712 815 2778 vel
849 2713 1086 2798 qualiscunque
1120 2715 1296 2779 sceleratus
1327 2714 1469 2800 gaudere

246 2787 377 2901 fflfft
417 2813 528 2898 potuit
561 2814 734 2900 privilegio
768 2815 990 2879 immunitatis
1023 2820 1145 2880 sanctie
1180 2816 1330 2892 eeclesiae,
1365 2837 1469 2900 neque

246 2917 378 2981 theprivi.
418 2914 553 2981 clericus
575 2938 635 2982 nec
657 2917 816 2996 sacerdos,
838 2918 920 3003 quin
952 2938 1007 2982 eos
1030 2917 1073 2982 ab
1106 2917 1241 2982 ecclesia
1264 2919 1412 3004 eriperet,
1436 2924 1470 2983 et

247 2983 391 3116 ξξᾝξη
413 3017 539 3102 judicio
569 3019 663 3105 regni
695 3024 803 3084 astare
837 3025 968 3105 cogeret
999 3019 1179 3085 secnndum
1214 3041 1324 3085 eorum
1358 3019 1469 3084 delicti

417 3120 639 3204 quantitatem
671 3121 854 3207 puniendos
885 3119 1013 3186 nullam
1038 3121 1148 3186 ferens
1176 3127 1297 3186 sanctae
1329 3120 1470 3186 eeclesiis

416 3221 453 3282 in
475 3219 537 3286 hac
559 3226 653 3308 parte
685 3221 913 3286 reverentiam.
960 3221 1005 3285 Et
1039 3243 1099 3306 pro
1122 3221 1184 3286 hac
1207 3222 1349 3287 ecclesias
1372 3242 1470 3286 causa

416 3326 451 3386 et
473 3321 548 3387 aliis
579 3344 653 3408 qua
675 3323 711 3387 in
734 3325 806 3388 vita
837 3324 1020 3389 beatissimi
1055 3323 1188 3389 Thomas
1223 3323 1469 3390 Cuntuariensis

416 3423 547 3511 plenius
576 3425 767 3502 recitantur,
790 3425 879 3490 idem
902 3425 1044 3490 Thomas
1081 3425 1330 3492 Centum-lensia
1364 3427 1469 3492 archi-

246 3529 353 3606 Mamer
363 3527 393 3579 of
419 3527 590 3614 episcopus
605 3527 722 3613 quinto
738 3528 928 3594 dienatalis
945 3528 1080 3594 Domini
1098 3530 1134 3594 in
1151 3534 1245 3595 utero
1260 3531 1376 3596 matris
1392 3551 1469 3608 sure,

246 3594 403 3712 ffifflw
418 3627 553 3696 ecclesia
575 3631 704 3694 matrici
727 3629 852 3695 scilicet
876 3630 1110 3696 Cantauriensi
1136 3653 1157 3696 a
1179 3631 1258 3697 filiis
1281 3633 1350 3698 suis
1374 3632 1469 3719 spiri-

418 3729 566 3797 tualibus
587 3730 645 3796 sed
668 3731 883 3816 degeneribus
907 3732 1073 3816 patienter
1091 3739 1231 3797 mortem
1247 3733 1414 3810 sustinuit,
1430 3739 1470 3797 ut

416 3831 553 3898 vitalem
592 3831 745 3919 deinceps
780 3838 814 3897 ct
846 3832 992 3897 debitam
1030 3835 1251 3899 reverentiam
1290 3833 1469 3900 universali

416 3940 538 4003 sauctae
560 3937 660 4002 matri
683 3935 826 4001 eeclesiae
848 3935 1042 4022 Anglicanue
1066 3942 1222 4023 perpetue
1245 3937 1403 4004 redderet.

461 4038 573 4124 Hujus
608 4037 746 4104 Henrici
779 4042 926 4125 tempore
958 4037 1141 4104 Christiani
1164 4039 1333 4106 bellabant
1355 4046 1469 4106 contra

248 4143 281 4193 111
292 4153 394 4192 seems
418 4140 596 4208 watenes
619 4142 655 4205 in
677 4141 777 4207 Terra
803 4147 925 4207 sancta.
976 4141 1041 4206 Sed
1075 4141 1260 4209 Christiani
1285 4143 1367 4208 victi
1389 4149 1469 4209 sunt
1548 4151 1550 4158 '

246 4208 372 4327 mse,
418 4252 453 4312 et
486 4245 642 4330 superati,
665 4248 700 4308 ct
730 4245 765 4307 in
795 4244 937 4308 dolendo
960 4266 1096 4310 numero
1120 4244 1215 4310 occisi
1239 4267 1297 4330 per
1319 4246 1468 4311 fraudem

247 4339 336 4418 inuitis
418 4352 453 4412 et
475 4345 695 4432 proditionem
711 4343 878 4409 falsissimi
903 4344 1086 4410 Christiani
1110 4346 1239 4412 comitis
1263 4346 1469 4432 Tripolitani,

246 4423 326 4476 '⁰¹⁸⁰‘
419 4470 458 4515 ea
480 4447 521 4514 de
545 4469 644 4514 causa
666 4446 746 4532 quia
768 4445 877 4512 voluit
901 4447 1113 4535 desponsasse
1136 4448 1285 4536 reginam
1308 4447 1470 4536 Ierosoly·

446 4792 455 4826 ¹
476 4791 653 4857 chenonem,
664 4790 745 4859 Higd.
1002 4793 1014 4826 ³
1030 4793 1067 4860 et]
1088 4792 1153 4846 imm
1165 4798 1214 4858 A.;
1233 4810 1283 4848 om.
1295 4795 1353 4850 MS.

446 4870 458 4905 ⁸
474 4870 536 4939 p'us,
548 4871 628 4938 Iligd.
