3625 5784
417 909 461 970 40
768 913 916 965 asemel
939 912 1123 964 amasses

415 1115 496 1174 litur.
541 1113 716 1174 Ooucordati
738 1117 808 1170 sunt
821 1129 889 1170 cum
911 1128 981 1184 rege
996 1110 1155 1168 Godwinus
1176 1115 1208 1167 et
1229 1127 1330 1168 omnes
1352 1108 1408 1168 lilii
1423 1111 1470 1170 sui

416 1211 535 1280 excepto
556 1205 763 1280 primogenito,
780 1204 830 1276 qui
852 1201 1029 1276 peonitentia
1050 1201 1156 1257 ductus
1177 1218 1230 1273 pro
1245 1207 1340 1257 morte
1360 1203 1469 1260 Beorni

417 1295 583 1354 consobrini
606 1295 651 1352 sui
674 1294 710 1350 de
733 1291 873 1350 Flaudria
902 1291 1029 1364 nudipes
1051 1290 1261 1365 lerosolymam
1291 1291 1415 1360 adierat,
1437 1299 1470 1350 et

417 1387 486 1444 inde
508 1385 629 1460 Lyciam
652 1383 784 1450 tendens,
808 1400 844 1439 ex
866 1380 976 1453 trigore
1005 1385 1155 1437 conuecto
1177 1379 1297 1438 obierat.
1355 1382 1470 1440 Exhinc

415 1475 581 1534 Nor-manni
602 1474 680 1546 regia
702 1471 860 1530 consiliarii
883 1471 932 1545 qui
965 1470 1067 1542 iniqua
1088 1470 1154 1541 regi
1182 1477 1389 1542 persuaserunt
1419 1490 1470 1529 ax·

415 1567 562 1639 legantur,
585 1563 735 1638 potissime
758 1561 902 1618 liebertus
932 1559 1151 1618 cantuariensis
1184 1559 1237 1632 qui
1267 1565 1370 1617 cenna
1392 1561 1469 1618 God-

415 1673 534 1729 wynum
556 1659 587 1711 et
608 1652 690 1726 prius
712 1651 744 1708 in
766 1651 821 1708 hac
843 1653 927 1724 parte
949 1654 1053 1707 contra
1074 1649 1190 1722 Anglos
1211 1649 1367 1707 classicum
1382 1669 1469 1708 sunm

416 1745 529 1816 largius
550 1743 728 1808 insonuerat,
752 1741 860 1796 timens
887 1738 955 1806 sibi,
977 1744 1009 1796 et
1026 1737 1173 1811 judicium
1201 1740 1386 1812 praeveniens
1408 1741 1469 1797 Bo·

417 1851 496 1892 mam
518 1833 596 1900 irit;
619 1849 654 1888 ac
677 1847 744 1886 cum
765 1829 934 1903 apostolicis
948 1827 1050 1886 'literis
1071 1828 1197 1896 rediens,
1221 1828 1300 1901 apud
1321 1835 1468 1886 monaste-

417 1922 495 1978 mum
518 1938 603 1979 suum
626 1919 809 1978 (lenaticum
831 1919 914 1976 obiit.
974 1917 1031 1976 Oui
1061 1918 1200 1975 successit
1224 1917 1384 1990 stigandus
1418 1919 1469 1992 qui

417 2012 565 2085 quondam
602 2009 722 2066 dimisso
760 2008 1002 2066 schireburnensi
1037 2009 1197 2080 presulatu
1228 2007 1469 2081 wyntoniensem

418 2102 515 2158 sedem
538 2099 664 2167 invasit;
700 2098 748 2156 vir
778 2097 896 2171 quidem
918 2117 955 2155 ex
987 2097 1073 2154 rebus
1103 2097 1306 2154 ecclesiasticis
1338 2099 1470 2171 puplicae

417 2191 564 2247 nundinae
586 2205 730 2256 eneruem,
753 2187 800 2244 vir
822 2187 926 2260 utique
956 2186 1032 2244 aaut
1053 2205 1139 2260 piene
1161 2187 1261 2244 crateri
1292 2193 1364 2244 tuuc
1395 2193 1469 2245 tem·

417 2279 497 2354 poris
520 2279 551 2335 in
574 2277 684 2351 Anglia
706 2275 834 2352 episcopi
864 2277 1023 2333 illiteratus
1038 2278 1180 2352 Uenerem,
1204 2278 1255 2334 sed
1278 2277 1410 2350 pecuniis
1439 2284 1471 2334 et

418 2369 570 2428 blanditiis
591 2369 719 2425 multum
740 2371 864 2440 potens;
888 2367 1075 2438 quamobrem
1096 2367 1219 2440 pallium
1241 2386 1260 2423 a
1279 2367 1374 2423 Roma
1395 2385 1470 2423 nun·

418 2477 506 2533 quam
539 2458 701 2531 promeruit
735 2457 868 2530 quamvis
900 2455 1044 2514 venalitas
1080 2457 1124 2512 ibi
1161 2459 1289 2512 multum
1325 2463 1469 2530 operetur.

419 2549 520 2605 Palam
543 2553 615 2604 tunc
638 2547 669 2602 in
692 2546 789 2603 triviis
819 2547 1000 2613 cantabatur,
1023 2565 1084 2603 non
1106 2564 1168 2603 emo
1198 2546 1335 2603 idoneum
1357 2549 1470 2619 episco-

420 2644 491 2711 patu
513 2637 564 2710 qni
586 2637 711 2694 nesciret
741 2636 823 2692 abuti
845 2635 960 2708 pompis
992 2637 1093 2703 seculi,
1126 2635 1273 2692 exercitiis
1304 2655 1468 2704 nemorum,

420 2727 611 2783 irritamentis
634 2726 780 2798 galerum,
808 2725 935 2782 vestium
966 2731 1118 2797 apparatu,
1150 2726 1282 2798 equitum
1316 2727 1468 2793 comitatu,

420 2817 471 2873 sed
494 2817 530 2872 de
553 2815 643 2872 lucris
665 2815 828 2871 animarum
859 2831 963 2888 parum
986 2814 1135 2885 cogitaret.
1182 2814 1313 2887 Cumque
1335 2817 1377 2872 eis
1409 2815 1469 2871 obi·

421 2911 534 2963 caretur
556 2905 723 2978 episcopum
745 2905 848 2960 debere
871 2921 993 2976 pensare
1015 2921 1051 2958 ex
1072 2903 1214 2974 religione
1237 2911 1267 2960 et
1290 2904 1393 2974 literis,
1408 2925 1468 2962 non

421 3014 456 3052 ex
471 2994 629 3054 ambitione
644 3000 675 3051 et
694 2994 833 3062 nummis,
849 2993 1064 3066 respondebant
1078 2993 1153 3048 illud
1167 2994 1332 3060 metricum,
1350 2997 1370 3021 “
1381 2995 1469 3052 Nunc

421 3086 441 3112 ‘⁶
465 3084 546 3140 aliud
562 3089 687 3158 tempus,
703 3083 753 3140 alii
768 3100 821 3155 pro
836 3087 966 3155 tempore
987 3101 1083 3138 mores
1095 3083 1112 3107 '’
1128 3083 1311 3139 atrocitatem
1332 3083 1469 3141 videlicet

419 3174 463 3231 rai
485 3174 627 3230 lenientes
642 3173 783 3230 facilitate
798 3171 938 3244 responsi.
983 3172 1051 3228 Hiis
1068 3171 1171 3226 diebus
1187 3173 1309 3229 clericus
1330 3175 1470 3230 barbosus
1510 3221 1516 3232 .

420 3264 499 3336 apud
522 3261 694 3319 Hiberniam
717 3263 844 3318 famosus
866 3261 914 3316 rir
934 3261 1018 3317 mirae
1043 3261 1205 3333 religionis,
1229 3263 1300 3319 adeo
1321 3269 1357 3319 ut
1386 3263 1468 3320 cleri·

421 3370 532 3420 uorum,
548 3352 699 3418 laicorum,
723 3355 753 3408 et
775 3351 941 3424 puellarum
962 3367 1102 3422 maguam
1116 3356 1230 3408 teneret
1244 3352 1382 3410 scholam.
1427 3354 1470 3410 At

421 3442 490 3514 qnia
505 3441 617 3514 puellas
632 3459 711 3497 more
721 3440 896 3497 scholarium
912 3456 1031 3496 suorum
1041 3439 1180 3498 tondebat
1194 3443 1230 3498 de
1245 3441 1389 3499 Hibernia
1402 3445 1470 3516 pul·

422 3549 471 3588 sus
485 3535 539 3588 est.
584 3529 670 3588 Oirca
684 3531 737 3586 hor
753 3529 815 3586 dies
830 3528 904 3586 obiit
920 3535 1039 3586 sancum
1053 3529 1216 3587 alfwaldua
1231 3531 1354 3587 ultimus
1370 3533 1470 3589 Schir-

420 3619 574 3677 buruensis
596 3619 713 3692 presul,
737 3619 788 3691 qui
811 3637 846 3675 ex
869 3620 1011 3676 monacho
1028 3619 1234 3692 Wyntoniensi
1256 3622 1363 3692 proesul
1377 3622 1472 3678 iactus

421 3711 499 3766 inter
520 3709 639 3783 prolusa
661 3708 794 3765 convivia
817 3727 883 3781 quae
906 3713 979 3764 tunc
1008 3708 1040 3764 in
1062 3709 1173 3779 Anglia
1194 3729 1213 3766 a
1234 3709 1385 3767 Danorum
1418 3711 1472 3767 ad·

420 3803 512 3856 ventu
535 3797 764 3865 celebrabantur,
788 3815 863 3870 pane
884 3803 916 3854 et
937 3815 1014 3870 aqua
1035 3799 1180 3856 utebatur.
1225 3799 1282 3857 Vir
1299 3817 1351 3872 per
1373 3800 1473 3856 omnia

421 3889 514 3944 beata
536 3886 639 3944 Mariae
662 3891 692 3944 et
715 3892 814 3943 sancto
837 3887 999 3943 Outhbarto
1022 3888 1163 3956 dovotus,
1186 3887 1271 3959 cujus
1293 3889 1391 3946 sedem
1405 3895 1472 3962 post

421 3977 535 4034 obitum
557 3974 621 4046 ejus
642 3976 743 4033 nullus
764 3977 861 4049 potnit
883 3977 1003 4049 impune
1028 3978 1213 4035 dormitando
1235 3997 1366 4050 premere
1399 3980 1472 4051 quin

421 4064 505 4123 tetris
527 4065 713 4139 ymaginibus
746 4065 865 4122 territus
894 4066 1027 4124 resiliret
1082 4068 1180 4139 Igitur
1213 4068 1283 4123 dum
1314 4070 1472 4142 aliquando

421 4155 557 4212 simultas
579 4154 714 4227 quisdam
736 4156 823 4211 auxia
845 4155 923 4212 inter
947 4156 1043 4228 ipsum
1074 4163 1105 4213 et
1126 4155 1310 4230 Godwynnm
1333 4159 1471 4216 comitem

421 4249 497 4302 esset
520 4245 646 4312 suborta,
662 4263 716 4301 nec
739 4243 786 4300 die
809 4249 919 4302 statuto
934 4245 971 4300 ud
993 4246 1204 4318 pacificandum
1227 4247 1321 4303 sedari
1343 4253 1471 4320 possent,

421 4335 514 4391 iratus
537 4334 688 4408 episcopus
712 4333 797 4401 dixit,
821 4334 992 4401 recedendo,
1018 4335 1104 4391 “Per
1125 4335 1276 4392 dominam
1293 4356 1389 4393 meam
1405 4339 1469 4395 Ma·

422 4425 442 4452 ‘⁴
466 4423 541 4480 riam
564 4425 640 4480 male
663 4423 721 4479 sibi
735 4423 792 4480 erit
805 4447 812 4492 ;
828 4424 845 4450 ”
868 4441 923 4480 nec
939 4424 975 4479 ab
991 4425 1043 4479 illa
1058 4425 1129 4481 hora
1143 4425 1255 4496 quievit
1270 4425 1437 4500 Godwynus
1452 4446 1471 4483 a

420 4513 567 4570 viscerum
589 4517 713 4579 tortura,
729 4513 820 4569 donec
835 4511 1068 4569 benedictionem
1077 4500 1120 4568 ¹ab
1135 4514 1269 4588 episcopo
1284 4517 1468 4589 percepisset.

422 4603 553 4659 'Pandam
575 4601 622 4658 vir
644 4603 694 4658 illo
716 4603 868 4675 episcopus
894 4600 934 4657 ad
956 4601 1137 4659 Dunelmum
1162 4607 1308 4676 proiectus
1341 4611 1395 4673 ost,
1419 4605 1470 4661 ubi

422 4691 499 4763 quod
513 4708 629 4763 magnae
644 4691 797 4748 videbatur
812 4691 951 4759 audacia,
963 4692 1079 4748 revulso
1094 4695 1271 4766 sarcophago
1285 4694 1323 4751 ad
1338 4700 1471 4753 sanctum
