3625 5784
590 932 864 984 carcamusas
886 933 1099 986 οιιιιοιιιοοι.
1331 923 1373 988 99

324 1126 491 1185 willalmus
525 1127 561 1184 de
595 1129 779 1186 Narmannia
813 1128 931 1186 rediens
969 1131 1128 1187 exercitum
1166 1131 1198 1186 in
1236 1131 1373 1192 Walliam

323 1216 415 1283 misit,
437 1217 490 1273 ubi
512 1218 622 1274 multos
642 1218 778 1276 homines
800 1224 831 1276 ot
861 1219 1119 1292 equosperdidit:
1143 1220 1246 1277 videus
1280 1220 1374 1292 igitur

323 1324 372 1361 rex
404 1307 565 1364 wallenses
598 1325 635 1363 ex
663 1309 794 1365 locorum
827 1308 973 1380 angustiis
1009 1315 1039 1366 et
1077 1309 1174 1366 densis
1206 1309 1372 1367 nemoribus

323 1397 384 1453 fore
422 1396 618 1463 invincibiles,
653 1398 817 1455 construxit
851 1403 947 1454 cestra
978 1397 1010 1454 in
1041 1399 1113 1456 locis
1143 1399 1309 1466 maritimis,
1342 1405 1373 1455 et

322 1504 441 1543 nemora
463 1505 516 1559 pro
537 1505 647 1559 magna
668 1493 752 1560 parte
782 1487 918 1554 succidit,
942 1487 1020 1544 unde
1042 1491 1229 1562 postmodum
1263 1489 1373 1546 multos

322 1594 359 1632 ex
381 1576 442 1632 illis
463 1578 576 1633 stravit

369 1667 520 1723 Wlstanns
552 1667 660 1739 praesul
691 1667 894 1739 wigornensis
928 1669 1002 1725 obiit
1035 1668 1118 1741 xviij.
1153 1668 1200 1724 dia
1231 1669 1373 1726 Jauuarii.

325 1756 385 1812 Hic
406 1756 555 1812 Wlstanns
578 1756 611 1811 in
632 1757 705 1813 hora
726 1757 871 1814 moriendi
892 1759 1028 1831 apparuit
1050 1758 1157 1815 dilecto
1172 1777 1224 1814 suo
1247 1759 1374 1814 Robarto

325 1845 516 1902 Hcrsordensi
537 1846 673 1918 episcopo
695 1847 727 1901 in
750 1847 823 1903 villa
844 1847 881 1904 de
905 1847 1088 1912 Grikkelade,
1111 1847 1254 1904 mandans
1276 1848 1314 1913 ai,
1338 1853 1374 1903 nt

325 1955 386 1992 suae
408 1941 576 2008 properaret
596 1936 762 2008 sepultura.
806 1938 896 2004 Item,
919 1941 986 2010 post
1006 1937 1063 1993 hoc
1085 1955 1151 1994 xxx.
1168 1937 1215 1992 die
1238 1937 1374 2010 apparuit

326 2027 430 2092 cidem,
454 2043 577 2081 monens
598 2043 668 2082 enm
689 2031 724 2081 nt
747 2026 783 2082 de
804 2026 988 2098 negligentia
1010 2026 1056 2082 sui
1079 2045 1254 2098 suorumque
1286 2027 1374 2082 corri-

327 2122 419 2187 geret,
441 2133 572 2172 asserens
593 2116 673 2187 qnod
694 2134 754 2171 non
778 2115 830 2171 diu
852 2117 885 2170 in
906 2133 961 2171 sua
982 2115 1120 2171 cathedra
1152 2117 1273 2181 sederet,
1297 2116 1375 2171 nndc

326 2213 357 2262 et
379 2206 438 2262 cito
459 2196 546 2278 post¹
567 2205 646 2260 obiit
692 2205 751 2260 Hic
773 2223 887 2277 quoquc
911 2206 1060 2280 Wlstanus
1083 2207 1204 2260 anulum
1230 2223 1296 2260 cum
1319 2223 1377 2276 quc

327 2295 560 2351 benedictionem
597 2293 791 2367 episcopalem
825 2300 991 2367 susceperat
1025 2313 1084 2351 uon
1118 2295 1251 2368 permisit
1284 2294 1375 2350 otiam

328 2391 461 2441 mortuus
483 2403 501 2440 a
523 2402 670 2456 quoquam
691 2383 790 2451 avelli,
814 2383 928 2440 dixerat
950 2384 1029 2440 enim
1052 2401 1129 2456 saepo
1160 2384 1231 2439 dum
1253 2384 1375 2448 viveret,

329 2493 359 2530 se
373 2492 524 2546 uunquam
539 2473 616 2529 relle
631 2473 779 2529 dimittere
793 2492 870 2529 sum.
895 2474 1017 2530 Dixerat
1031 2474 1120 2529 etiam
1136 2474 1302 2545 frequenter
1313 2475 1377 2528 Αιι-

330 2565 388 2635 glis
401 2563 560 2629 tribulatis,
578 2563 759 2663 “flagellum
776 2553 883 2632 [1)ιιί]2
897 2569 942 2618 est
965 2564 1043 2636 quod
1058 2562 1213 2635 patimini,
1207 2564 1234 2598 ·’'
1258 2568 1288 2618 et
1310 2581 1377 2618 cum

329 2653 423 2725 Angli
445 2653 576 2708 dicerent
598 2652 677 2723 quod
697 2651 811 2723 pejores
832 2658 930 2708 essent
952 2651 1114 2710 Normsnni
1136 2671 1224 2723 quam
1246 2666 1377 2722 unquam

330 2744 446 2799 fuerant
468 2741 571 2812 Angli,
594 2742 785 2813 respondit‘
789 2741 927 2797 ‘Malis'
919 2759 951 2796 m
972 2759 1024 2797 vos
1047 2741 1165 2796 illorum
1188 2742 1261 2797 bene
1284 2741 1379 2796 utitur

333 2831 457 2898 “,dcns
480 2836 511 2888 et
532 2849 585 2903 per
606 2830 743 2902 indignos
765 2836 880 2887 exercet
901 2830 1077 2886 ultionem'
1069 2849 1100 2885 ιιι
1123 2831 1260 2896 meriton
1285 2830 1327 2884 sio
1349 2835 1380 2885 et

333 2923 352 2948 ‘¹
376 2922 454 2978 mala
474 2921 627 2976 voluntate
658 2938 710 2976 sua
731 2921 783 2976 sed
812 2921 889 2976 bona
910 2920 1062 2976 voluntate
1085 2918 1133 2974 dei
1154 2919 1242 2991 punit
1264 2917 1379 2973 daemon

332 3013 351 3038 ‘⁸
375 3027 524 3084 perversos
562 3011 595 3065 in
633 3010 767 3080 gehenna
803 3027 872 3065 cum
910 3008 1020 3065 eisdem
1057 3007 1167 3082 pariter
1203 3006 1377 3080 puniendus.

332 3102 353 3127 “
376 3101 552 3173 Exemplum
575 3103 629 3165 est,
653 3100 678 3154 si
709 3099 838 3171 aliquem
860 3099 953 3155 iratus
975 3098 1078 3155 baculo
1113 3096 1298 3170 percusseris,
1321 3114 1381 3152 non

333 3190 352 3216 ‘¹
377 3191 504 3245 multum
526 3189 643 3244 curabis
666 3187 865 3244 defractione
887 3187 1015 3244 baculi.”

375 3279 474 3350 Igitur
487 3279 638 3334 Wlstanus
656 3279 689 3333 in
702 3277 853 3350 provincia
868 3277 1056 3334 Warwiceusi
1071 3276 1211 3333 oriundus
1226 3275 1304 3348 apud
1319 3293 1381 3332 mo·

332 3368 491 3424 casterium
514 3369 550 3424 de
574 3368 673 3438 Burgo
688 3367 782 3424 literis
803 3374 834 3425 et
848 3367 950 3424 officiis
972 3367 1174 3424 ecclesiasticis
1189 3374 1234 3423 est
1256 3366 1381 3422 instruc·

332 3463 389 3524 tus,
409 3457 529 3515 tandem
550 3457 682 3513 sacerdos
704 3458 825 3514 effectus
846 3457 966 3513 mnsam
989 3475 1101 3514 morose
1124 3456 1291 3522 celebrabit,
1315 3455 1385 3511 solis

332 3547 463 3604 fidelium
481 3547 677 3603 oblationibus
691 3551 865 3614 contentus3
888 3551 952 3604 erat
972 3547 1057 3618 virgo
1072 3553 1107 3602 ut
1125 3547 1291 3619 putabatur,
1308 3546 1382 3600 exis-

332 3642 397 3693 tens
412 3637 550 3709 superflui
561 3641 648 3708 potus
659 3655 769 3709 expers,
782 3637 845 3692 esui
860 3635 992 3692 carnium
1008 3636 1148 3703 indulsit;
1165 3636 1270 3709 quibus
1284 3641 1383 3690 tumen

332 3727 503 3799 spernendis
517 3725 629 3782 occasio
643 3726 708 3782 haec
729 3726 896 3782 interuenit.
943 3726 998 3782 Die
1013 3726 1138 3798 quadam
1157 3743 1223 3782 cum
1239 3725 1277 3781 ad
1292 3724 1383 3796 ploci-

333 3822 396 3872 tum
412 3816 557 3889 quoddam
579 3815 658 3872 exire
673 3815 789 3872 deberet
803 3816 898 3872 visum
922 3821 966 3872 ost
981 3815 1037 3871 sibi
1060 3821 1094 3870 ut
1115 3815 1196 3888 prius
1211 3816 1300 3870 missa
1316 3831 1383 3868 car.-

333 3911 396 3962 tata
426 3905 531 3962 inedias
547 3923 608 3961 suae
631 3905 696 3961 cibo
723 3907 896 3962 consuleret.
941 3905 1085 3979 Apposita
1106 3923 1179 3961 anca
1202 3905 1276 3976 igni,
1299 3902 1385 3958 nidor

333 3997 445 4052 adustas
483 3996 579 4052 caruis
615 4013 700 4050 nares
738 3995 910 4051 celebrantis
948 3994 1114 4067 complevit,
1154 3995 1225 4050 odor
1256 3998 1385 4049 mentem

333 4085 494 4141 advocavit.
541 4084 597 4141 sod
629 4103 697 4139 cum
731 4083 783 4140 dui
803 4086 951 4141 reluctans
973 4089 1102 4140 mentem
1133 4071 1304 4140 advertere³
1326 4099 1386 4136 uon

334 4174 436 4245 possit,
456 4172 658 4245 juramentum
679 4174 718 4230 ad
740 4179 921 4230 sacramenta
944 4191 1008 4246 quae
1032 4173 1176 4230 tractabat
1198 4163 1278 4236 iecit,
1302 4171 1386 4224 nullo

334 4265 370 4320 de
401 4269 486 4336 pacto
520 4263 647 4336 amplius
681 4263 713 4318 id
750 4281 843 4335 genus
874 4265 933 4319 cibi
966 4267 1180 4328 comesturum
1214 4263 1386 4328 cantatoque

333 4354 422 4409 missa
443 4354 610 4425 impransus
640 4353 679 4408 ad
700 4353 843 4425 placitum
876 4353 1027 4426 processit.
1073 4351 1203 4406 Tandem
1239 4351 1386 4403 crescente

334 4443 486 4499 dovotione
501 4444 633 4515 exemplo
649 4449 803 4515 parentum
819 4433 959 4514 potrum4
975 4459 1094 4498 suornm
1117 4438 1169 4512 qui
1192 4443 1260 4493 anto
1275 4436 1387 4492 obitum

368 4687 376 4719 ¹
392 4687 465 4752 aas]
475 4691 535 4753 poe
547 4687 604 4749 hoe,
616 4685 696 4752 llicd.
920 4685 931 4718 ³
948 4689 1072 4742 ava-ore,
1084 4681 1164 4747 sign

366 4767 469 4817 'From
480 4766 562 4834 Higd.
920 4765 1060 4828 ⁴pctrum,
1072 4776 1123 4810 om.
1136 4758 1216 4824 lligd.

1188 4871 1210 4916 c
1235 4858 1255 4916 2
