3625 5784
426 849 492 917 114
783 865 931 914 nesarci
955 864 1138 914 uersuros

426 1059 583 1132 castigavit
607 1059 739 1118 adhibita
760 1061 873 1118 brachii
895 1062 941 1117 sui
963 1077 1110 1118 mensura.
1165 1059 1321 1116 Libentius
1353 1059 1484 1116 bellabat

427 1149 550 1207 consilio
584 1170 672 1224 quam
706 1151 813 1223 gladio.
871 1152 909 1207 In
942 1151 1066 1208 cibando
1103 1150 1199 1222 magis
1233 1149 1359 1207 esuriem
1394 1167 1483 1224 quam

428 1258 538 1311 urgens
560 1241 730 1313 ingluviem
785 1241 935 1298 Potationi
965 1245 1073 1314 prater
1097 1241 1356 1313 sitim'nunquam
1385 1239 1482 1295 indul·

429 1347 513 1400 gens,
529 1333 679 1404 crapulam
700 1331 733 1386 in
756 1349 787 1386 se
809 1335 840 1387 et
861 1331 922 1387 suis
945 1349 1059 1405 semper
1080 1349 1240 1386 exsecrans.
1287 1330 1358 1386 Post
1373 1330 1484 1384 multas

431 1422 642 1478 controversias
673 1421 752 1476 inter
783 1421 881 1494 ipsum
912 1425 943 1476 at
965 1419 1139 1480 Anselmum
1171 1420 1339 1488 ventilatas,
1363 1418 1484 1475 investi·

430 1513 512 1564 turae
549 1513 738 1583 praelatorum
771 1528 823 1582 per
857 1511 1017 1566 secuissem
1050 1528 1170 1566 manum
1197 1508 1344 1565 faciendas
1370 1509 1424 1565 deo
1454 1513 1484 1564 et

429 1598 516 1656 beato
539 1599 626 1656 Petro
647 1598 818 1672 resignavit.
872 1600 1005 1656 Tandem
1036 1599 1179 1656 celebrato
1202 1598 1362 1656 Loudoniae
1384 1597 1483 1671 ponti·

431 1687 520 1743 ficum
552 1689 686 1756 concilio,
719 1690 825 1744 amotis
857 1689 1012 1761 pellicibus
1044 1689 1201 1746 Matildam
1231 1687 1383 1745 Malcolrni
1405 1687 1484 1760 regis

431 1776 586 1834 Scotorum
615 1779 706 1834 filiam
737 1778 822 1834 duxit
851 1778 884 1833 in
914 1797 1045 1846 uxorem,
1069 1797 1157 1850 quam
1180 1777 1355 1834 venerabilis
1378 1777 1484 1834 Ausel-

430 1883 497 1921 mus
519 1867 567 1924 die
589 1869 684 1924 sancti
707 1867 830 1924 Martini
853 1869 885 1923 in
907 1867 1041 1939 reginam
1065 1868 1226 1925 coronavit.

432 1959 560 2129 scipso
593 1961 736 2027 Matilda
772 1961 842 2028 filia
878 1961 948 2028 fuit
975 1967 1099 2030 sauctae
1131 1961 1325 2050 Margaretae
1364 1961 1485 2048 reginae
1499 1963 1610 2082 ἓξὲξ·

475 2084 564 2128 o1ae.

476 2173 594 2230 Mortuo
627 2174 683 2230 boc
714 2193 792 2231 anuo
826 2175 938 2232 Thoana
971 2175 1147 2232 Eboracensi
1179 2176 1316 2249 episcopo
1349 2176 1487 2232 successit

432 2262 579 2332 Giraldus,
601 2263 649 2319 vir
679 2264 798 2336 quidem
832 2269 869 2320 ut
901 2267 959 2322 fert
989 2284 1142 2322 rumorum
1168 2266 1290 2322 licentia
1315 2265 1434 2322 libidini
1455 2269 1486 2322 et

432 2352 558 2409 maliciis
590 2352 738 2410 obnoxius
794 2354 855 2411 Sub
889 2353 953 2427 ejus
990 2375 1094 2428 nempe
1120 2355 1244 2427 pulvillo
1269 2373 1335 2412 cum
1358 2355 1391 2410 in
1413 2354 1486 2411 viri·

432 2441 514 2499 dario
546 2442 673 2515 quodam
706 2442 895 2500 dedecederet
929 2445 1067 2501 inventus
1102 2451 1147 2502 est
1178 2444 1269 2502 codex
1306 2445 1485 2501 curiosarum

432 2533 542 2588 artium
563 2532 700 2589 videlicet
722 2533 821 2589 Julius
843 2533 997 2604 Firminus,
1021 2553 1108 2607 quam
1131 2541 1240 2592 secrete
1262 2541 1292 2591 et
1315 2533 1485 2591 meridianis

433 2620 513 2678 horis
544 2620 704 2679 lectitabat
750 2623 844 2692 Quam
875 2624 912 2680 ob
942 2641 1005 2680 rem
1037 2623 1135 2680 clerici
1166 2625 1295 2681 ecclesia
1326 2643 1386 2681 suae
1416 2641 1484 2679 eum

432 2711 486 2766 sub
517 2711 583 2768 caeli
617 2713 726 2785 cespite
757 2717 840 2767 extra
869 2713 1023 2770 ecclesiam
1053 2713 1103 2769 vix
1134 2714 1251 2786 sepeliri
1281 2713 1483 2787 permiserunt.

432 2801 550 2857 Interea
584 2819 679 2858 comes
714 2802 859 2858 Robertus
901 2803 994 2859 frater
1026 2801 1116 2874 hujus
1147 2803 1225 2876 regis
1258 2803 1360 2860 audita
1391 2807 1484 2858 morte

432 2890 531 2947 fratris
553 2891 600 2946 sui
622 2891 765 2947 Willelmi
787 2891 867 2959 Ruti,
890 2891 927 2948 de
950 2897 1028 2948 terra
1050 2898 1151 2949 sancta
1173 2892 1262 2949 rediit
1284 2893 1316 2948 in
1333 2892 1483 2965 Apuliam,

430 2973 552 3036 atinde
574 2980 607 3036 in
629 2980 852 3046 normanniam.
875 3000 982 3056 parans
1004 3001 1034 3038 sa
1056 2983 1088 3037 in
1104 2983 1252 3053 Angliam.
1299 2982 1363 3053 Quo
1385 2981 1485 3038 audito

430 3068 520 3125 multi
542 3069 578 3125 de
601 3070 767 3142 proceribus
789 3071 865 3126 clam
887 3072 935 3128 vel
958 3071 1056 3144 palam
1078 3091 1096 3127 a
1117 3089 1187 3143 rege
1210 3071 1338 3127 Henrico
1360 3089 1393 3128 se
1416 3072 1485 3127 sub·

431 3163 585 3216 traxerunt
618 3159 694 3215 fictis
718 3160 892 3233 quibusdam
924 3161 1135 3217 occasiunculis
1161 3167 1298 3218 vocantes
1322 3179 1389 3217 eum
1412 3161 1483 3232 god-

431 3250 505 3323 rych
527 3239 709 3321 godelacyr‚¹
731 3255 762 3306 et
783 3268 837 3322 pro
859 3250 987 3306 Roberto
1010 3250 1117 3307 comite
1140 3251 1215 3307 clam
1238 3250 1390 3307 miserunt.
1435 3250 1484 3306 Ad

429 3337 494 3394 baec
526 3327 698 3410 Radulphus
730 3339 935 3396 Dunelmensie
968 3340 1120 3414 episcopus
1157 3358 1252 3413 nuper
1288 3341 1484 3397 incarceratus

430 3427 501 3483 fune
534 3432 622 3483 nacta
653 3427 690 3483 de
721 3428 1005 3486 tmriaondonenei
1037 3429 1140 3499 evasit,
1163 3429 1375 3487 Normanniam
1398 3428 1482 3496 adiit,

431 3517 592 3573 Robertum
623 3516 726 3574 ducem
757 3524 859 3574 contra
887 3537 988 3591 regem
1012 3519 1173 3576 Henricum
1204 3519 1365 3592 instigavit.
1411 3520 1484 3574 Erat

430 3625 536 3680 nempe
563 3607 618 3662 iste
640 3607 785 3663 Robertus
815 3607 1030 3680 primogenitus
1063 3610 1142 3681 regis
1169 3609 1311 3665 Willelmi
1344 3627 1482 3681 conques-

429 3696 503 3752 toris
525 3695 609 3752 exilis
632 3697 771 3768 corporis,
792 3698 912 3769 pinguis
936 3699 1102 3771 aqualiculi.
1150 3698 1206 3769 Qui
1229 3699 1324 3772 primo
1347 3698 1482 3755 tirocinio

430 3804 483 3841 suo
505 3785 622 3858 parenti
643 3803 754 3842 morem
777 3788 877 3858 gessit,
901 3794 948 3843 set
970 3789 1157 3860 postmodum
1185 3787 1313 3860 juvenili
1336 3789 1431 3844 calore
1452 3793 1483 3842 et

428 3875 576 3931 fatuorum
599 3875 721 3932 consilio
742 3877 885 3949 impulsus
899 3877 1112 3934 Normauniam
1135 3878 1290 3951 superstite
1312 3883 1395 3950 patre
1417 3865 1483 3933 ten·

430 3965 512 4021 tabat
549 3965 665 4033 habere,
700 3966 778 4038 quod
815 3985 882 4022 oum
914 3973 998 4040 peter
1036 3974 1180 4039 negasset,
1213 3969 1306 4024 iratus
1346 3967 1484 4024 abscessit

431 4053 559 4110 insultus
597 4055 629 4110 in
666 4056 793 4128 patriam
829 4057 948 4115 faciens.
1015 4057 1115 4115 Primo
1153 4057 1271 4129 quidem
1310 4062 1392 4130 patre
1428 4057 1484 4113 hoc

431 4143 635 4212 cachinnante‚
674 4150 719 4201 set
763 4147 949 4218 postmodum
988 4146 1114 4212 dicente,
1152 4147 1207 4202 Par
1239 4147 1482 4203 resurrectionem

431 4233 542 4290 Ohristi
572 4234 680 4306 probus
703 4234 761 4290 erit
783 4226 957 4291 Robertus²
979 4254 1061 4291 meas
1086 4241 1169 4292 curta
1192 4236 1271 4292 ocria
1287 4236 1366 4292 filius
1381 4253 1481 4291 meus:

428 4329 569 4381 catarum
591 4323 685 4381 nichil
707 4323 817 4380 habens
832 4325 960 4381 Roberto
984 4325 1061 4398 quod
1083 4330 1265 4384 succenserat
1287 4325 1357 4398 quia
1378 4325 1483 4398 lepidae

428 4413 541 4482 formas,
565 4413 653 4470 faceti
676 4413 795 4487 eloquii,
817 4413 937 4470 virtutis
960 4413 1101 4486 ingentis,
1119 4414 1205 4471 solidi
1228 4414 1351 4472 consilii.
1397 4415 1484 4471 Post·

461 4702 471 4735 ¹
489 4700 597 4768 pods-iel
613 4699 838 4769 qodsadmffigd
945 4700 950 4768 Ι
1012 4703 1023 4738 ¹
1044 4701 1170 4766 Rodium,
1182 4701 1260 4770 Higd.
