3625 5784
413 837 479 904 336
751 854 901 905 aarum
925 856 1110 907 memor

411 1037 459 1102 ibi
491 1039 581 1103 enim
603 1059 679 1104 cum
701 1041 867 1105 communi
890 1060 1026 1105 assensu
1057 1041 1324 1110 anchoraverunt
1346 1066 1467 1111 navem

411 1141 628 1226 pergrandem
643 1145 678 1206 et
693 1161 832 1206 vacuam
848 1141 883 1205 in
898 1142 1031 1229 signum
1046 1146 1283 1231 congressionis
1297 1146 1465 1213 faciendae.

411 1239 551 1305 Interim
582 1262 661 1306 vero
695 1240 828 1328 Anglici
850 1243 1095 1309 associaverunt
1120 1245 1183 1309 sibi
1207 1245 1402 1312 Hibernicos
1433 1254 1467 1313 et

236 1350 384 1427 Bothqides
411 1341 619 1421 Holandioos,
653 1343 838 1409 Normanni
868 1366 948 1409 vero
982 1345 1212 1411 conduxerunt
1244 1347 1290 1413 eis
1322 1348 1466 1413 Francos

233 1417 366 1482 gernum
410 1451 445 1509 et
482 1444 699 1510 Flandrenses
725 1450 760 1509 et
795 1446 992 1512 marinarios
1029 1447 1070 1513 de
1110 1448 1209 1515 Gene.
1255 1449 1465 1517 Adveniente

408 1548 542 1612 demum
576 1548 630 1612 dic
659 1552 885 1612 convenerunt
915 1546 1040 1613 ibidem
1063 1549 1164 1615 armis
1186 1547 1312 1615 bellicis
1345 1550 1464 1617 suffici-

408 1654 502 1713 enter
547 1647 723 1727 instructi;
770 1651 806 1712 et
849 1647 937 1713 sicut
974 1649 1008 1712 in
1048 1648 1096 1714 eis
1140 1649 1250 1715 fuerat
1288 1651 1463 1737 disparitas

406 1752 601 1832 animorum,
624 1752 671 1817 sic
693 1750 795 1818 etiam
818 1756 853 1816 et
875 1752 990 1817 eodem
1013 1751 1067 1816 die
1090 1754 1229 1839 contigit
1251 1755 1462 1840 inaequalitas

406 1854 553 1919 maxima
566 1852 811 1929 elementorum,
826 1852 914 1917 nivis
929 1853 1054 1919 scilicet
1070 1857 1104 1918 et
1118 1855 1289 1941 grandims
1304 1858 1462 1944 ventique

405 1954 610 2019 validissimi.
659 1954 923 2040 Consertumquc
954 1960 1005 2021 est
1042 1976 1144 2041 greve
1180 1957 1333 2042 praelium
1370 1959 1460 2025 inter

231 2058 382 2137 Victoryon
404 2060 525 2140 partes,
558 2062 593 2121 et
622 2056 759 2123 tandem
793 2057 967 2123 victoriam
995 2057 1089 2123 dedit
1117 2059 1241 2125 nostris
1274 2061 1345 2145 ipse
1379 2060 1460 2127 dous

228 2125 340 2241 lffl‘
405 2160 619 2245 omnipotens.
665 2158 906 2244 Perieruntque
933 2160 1041 2225 multa
1069 2159 1177 2227 millia
1206 2161 1316 2248 gladio
1339 2168 1459 2248 praeter

228 2258 342 2324 English.
404 2263 587 2327 submersos
620 2281 695 2326 cum
718 2259 860 2325 navibus
883 2260 979 2345 quasi
1001 2260 1157 2341 infinitos,
1189 2263 1457 2349 reduxeruntque

402 2364 507 2429 nostri
540 2366 676 2428 onustas
698 2382 773 2427 cum
808 2361 922 2447 pracda
953 2382 1055 2427 naves
1086 2362 1216 2427 circiter
1247 2364 1327 2429 ccxl.
1373 2364 1455 2445 Quae
1467 2362 1553 2478 {³⁸-
1566 2366 1618 2415 ⁰⁰¹·

400 2485 476 2531 cum
513 2464 668 2552 Philippo
701 2464 772 2550 regi
811 2463 958 2529 Francioe
997 2465 1155 2529 nunciata
1192 2464 1340 2545 fuissent,
1377 2467 1456 2535 licet
1502 2434 1541 2479 θ’

399 2566 503 2632 trater
524 2566 595 2652 ejus
618 2564 782 2632 Carolusl
811 2565 913 2651 hujus
937 2566 1066 2631 navalis
1089 2565 1197 2651 praelii
1231 2574 1346 2634 auctor
1369 2571 1455 2635 exti-

398 2667 494 2733 tisset
525 2667 633 2732 missia
665 2672 778 2732 tamen
811 2667 855 2732 ad
878 2688 988 2753 regem
1011 2666 1143 2752 Angliae
1166 2668 1297 2734 nunciis
1331 2668 1454 2737 obnixe

224 2788 355 2907 31}qu
397 2772 497 2856 petiit
531 2770 695 2937 emelqlrgalq1
719 2771 784 2835 sibi
810 2770 891 2848 fieri,
915 2774 1129 2855 auctoresque
1159 2770 1239 2836 facti
1270 2773 1454 2937 pupliendos

318 2874 365 2909 ¹¹⁰⁰
472 2874 484 2936 i
601 2873 609 2887 ⁰
685 2871 767 2937 ‘tam
818 2871 944 2937 ceuniae
967 2892 1130 2937 summam
1186 2894 1223 2938 ro
1256 2896 1272 2938 a
1331 2874 1434 2940 'atlon

224 2924 361 3053 {illlata
394 2874 613 3041 lldldtolbn
651 2892 964 3038 suorumpliberari.
1016 2971 1145 3052 Quibus
1161 2894 1236 3039 I>reu
1267 2896 1452 3041 ffiwardug

223 3055 349 3120 EUM·
394 3076 574 3163 prudenter
603 3074 781 3160 respondit,
804 3074 892 3158 quod
922 3095 981 3160 per
1003 3075 1152 3160 proprios
1175 3076 1376 3161 responsales
1406 3077 1450 3143 ad

393 3180 597 3265 interrogata
619 3176 841 3262 responderet,
858 3175 1031 3261 missisque
1045 3176 1176 3241 nunciis
1192 3178 1324 3263 rogavit
1338 3200 1449 3265 regem

394 3281 542 3347 Franciae
571 3285 733 3365 tanquam
769 3284 941 3364 parentem
980 3282 1015 3343 et
1053 3277 1233 3357 dominum,
1272 3284 1311 3345 ut
1342 3286 1449 3348 certos

391 3382 479 3447 diem
501 3386 537 3447 et
558 3380 668 3446 locum
690 3380 889 3457 nominaret,
912 3378 956 3443 ad
979 3400 1061 3464 quos
1084 3401 1160 3446 cum
1183 3381 1348 3446 communi
1370 3402 1447 3447 con·

390 3483 465 3548 silio
487 3482 658 3548 hincinde
673 3486 888 3567 properarent
903 3480 1122 3546 amicabiliter
1136 3502 1235 3566 super
1256 3482 1447 3568 hujusmodi

390 3584 574 3662 tractaturi,
589 3583 730 3649 ulterius
753 3578 925 3667 [facturi]i
946 3582 1034 3669 quod
1057 3583 1130 3667 ipsa
1152 3583 1275 3649 veritas
1297 3584 1344 3649 rei
1371 3606 1446 3650 suc·

392 3684 492 3752 deret.
541 3685 638 3766 Quod
669 3685 802 3771 quidem
833 3684 984 3749 oblatum
1006 3705 1065 3749 rex
1099 3684 1248 3751 Franciae
1270 3685 1444 3771 Philippus

219 3819 341 3871 Herum-
391 3808 461 3852 non
493 3788 680 3865 admittens,
712 3787 753 3852 de
775 3786 941 3851 communi
976 3786 1112 3851 consilio
1144 3790 1337 3873 magnatum
1368 3808 1443 3853 suo·

219 3888 349 3963 ¹²3⁰¹¹⁸2h⁰
391 3912 466 3955 ram
496 3889 652 3975 praecepit
682 3908 793 3974 regem
817 3886 950 3973 Angliae
984 3908 1043 3973 per
1075 3888 1176 3953 breve
1208 3890 1320 3953 vocari
1354 3894 1442 3954 certo

218 3953 378 4086 ffifddto
391 3992 444 4058 die
466 4013 565 4077 super
587 3988 776 4076 hujusmodi
798 3988 931 4073 injuriis
954 3988 1098 4055 incuria
1117 4011 1177 4055 sua
1199 4011 1440 4076 responsurum.

217 4084 349 4139 ΗΜΘΝ
390 4094 457 4175 Qui
487 4115 563 4160 cum
595 4092 639 4156 ad
661 4090 750 4156 diem
771 4110 840 4153 non
861 4089 999 4168 veniret
1023 4094 1225 4175 praeceptum
1255 4090 1320 4156 fuit
1352 4096 1387 4156 et
1420 4112 1442 4159 a

386 4196 478 4263 curia
509 4194 595 4280 regia
629 4190 777 4257 Franciae
806 4189 1004 4275 judicatum,
1028 4190 1117 4275 quod
1151 4196 1224 4257 tota
1255 4196 1343 4258 terra
1379 4214 1440 4259 sua

264 4359 269 4367 .
384 4295 607 4363 transmarina
627 4292 805 4369 saisiretur,
828 4296 863 4356 et
888 4288 1035 4356 iterum³
1058 4291 1254 4357 recitaretur
1276 4293 1320 4357 ad
1349 4294 1438 4358 diem

382 4398 524 4464 altarum
546 4395 608 4461 sub
630 4414 731 4479 poena
752 4391 969 4458 forisfacturae
993 4392 1097 4457 totius
1122 4398 1217 4459 terrea
1240 4416 1307 4459 suae
1330 4400 1437 4461 trans-

415 4620 423 4654 ι
441 4618 565 4678 Κωοιω,
576 4620 633 4669 ΜΒ,
963 4614 1089 4678 ’ite-cm,
1107 4617 1140 4667 A.
1174 4617 1206 4667 In
1226 4616 1285 4670 MS.
1304 4618 1348 4671 the
1365 4622 1437 4671 word

413 4699 425 4732 2
434 4698 540 4764 sacrari
558 4698 658 4747 needed
676 4696 718 4747 for
736 4696 781 4746 the
800 4710 882 4753 reum,
931 4692 1119 4759 isnotlcgible.

379 4779 427 4829 but
437 4778 465 4826 in
475 4775 573 4827 neither
583 4774 639 4825 MS.
