3625 5784
403 868 467 930 298
754 882 899 929 666616(
923 880 1105 929 ruienses

402 1083 537 1149 petenms
558 1077 644 1133 nobis
667 1076 768 1133 literas
791 1095 843 1133 suo
876 1077 976 1147 sigillo
1008 1076 1137 1133 munitas
1160 1092 1247 1147 quam
1280 1074 1367 1129 611166
1391 1075 1455 1131 fieri

403 1167 512 1239 poterit
535 1167 692 1223 destinare.

447 1248 615 1313 1161666616ι
632 1262 686 1313 616.
734 1245 875 1313 Oarolus²
906 1258 985 1328 regis
1001 1255 1131 1311 Franciae
1146 1253 1235 1319 filius,
1251 1243 1453 1310 Valesim³de

402 1345 543 1413 Lentone,
576 1347 697 1401 Karnon
740 1351 770 1402 61
803 1345 982 1416 Andegevia·
1006 1353 1111 1411 eome's,
1145 1344 1277 1399 salutem.
1332 1344 1456 1399 Noverit

402 1433 577 1491 universitas
609 1442 705 1491 vestre
736 1441 792 1491 etc.
837 1436 900 1490 Nos
922 1439 1064 1489 tractatus
1086 1439 1116 1489 et
1145 1434 1352 1489 conventiones
1378 1451 1454 1504 666-

403 1523 497 1580 dictes
534 1526 589 1580 sub
623 1526 719 1580 modis
750 1530 781 1581 et
815 1524 1057 1579 conventionibus
1088 1521 1263 1595 supradictis
1295 1527 1393 1593 gretes
1423 1526 1454 1577 61

402 1617 481 1668 retes
515 1613 654 1669 habentes
687 1632 736 1669 eos
768 1614 931 1675 laudemus.
955 1614 1090 1669 volumus
1112 1618 1143 1668 et
1165 1612 1368 1685 approbemus,
1402 1630 1453 1666 66·

402 1721 499 1774 presse
528 1703 732 1775 promittentes
754 1721 809 1757 nos
831 1708 885 1759 etc.

447 1796 538 1861 Inito
561 1798 674 1881 itaque
700 1795 820 1861 foedere
844 1817 919 1861 cum
942 1818 1017 1882 rege
1042 1794 1189 1861 Franciae
1220 1802 1254 1861 et
1269 1794 1351 1859 satis
1376 1792 1453 1857 inde

401 1897 501 1961 nimis
533 1896 621 1974 elati,
646 1919 723 1962 mox
746 1903 924 1963 erexerunt
946 1920 1070 1963 cernue
1100 1903 1133 1963 et
1164 1897 1205 1961 ed
1239 1916 1384 1983 pugnem
1418 1916 1453 1958 se

402 2004 612 2085 paraverunt.
660 1999 903 2066 Convenientes
926 2004 1116 2065 statuerunt
1147 2022 1189 2063 ex
1221 1999 1330 2064 edicto
1364 1996 1453 2081 quod

402 2125 515 2167 omues
538 2108 571 2168 ei
596 2103 720 2189 singuli
743 2104 801 2188 qui
826 2110 941 2181 terres,
966 2104 1182 2189 possessiones
1215 2125 1272 2166 seu
1303 2100 1453 2164 redditus

401 2205 529 2291 aliquos
561 2206 596 2269 in
628 2227 727 2291 regno
760 2206 880 2271 Scotino
919 2210 1106 2281 tenuerunt,
1145 2204 1205 2269 sub
1243 2202 1454 2269 forisfactura

402 2330 515 2375 corum
539 2310 691 2374 venirent
712 2310 898 2395 preparati.

447 2419 595 2475 Johennes
618 2420 653 2475 16
676 2419 789 2475 Β611616
824 2419 930 2475 8661166
962 2438 1012 2474 rex
1046 2436 1139 2491 nuper
1172 2424 1294 2483 6666166,
1328 2418 1450 2475 consilio
1462 2418 1606 2470 0161666616.

402 2509 583 2581 quorundam
606 2508 643 2564 (16
666 2510 764 2565 866116
785 2526 819 2563 ec
842 2507 991 2580 potissimo
1007 2507 1118 2563 abbatis
1141 2509 1176 2563 tle
1200 2510 1332 2565 Maurose
1347 2514 1450 2563 contra
1462 2508 1603 2575 Higd.viii.

402 2598 489 2654 fidem
524 2598 662 2654 adversus
695 2616 795 2668 regem
829 2597 948 2669 Angliae
972 2598 1106 2663 surrexit,
1131 2598 1181 2652 sed
1205 2604 1306 2669 ceptus
1341 2603 1385 2653 cst
1418 2603 1448 2652 61
1462 2580 1585 2627 286488·

402 2686 610 2743 exheredatus.
657 2687 741 2743 Circa
752 2678 766 2717 ⁴
779 2688 887 2743 festum
902 2687 1103 2742 translationis
1125 2686 1219 2743 666611
1234 2688 1353 2742 ’1166666
1369 2688 1451 2742 misit

402 2795 477 2848 pepe
511 2777 684 2833 Boneiecius
714 2777 834 2831 nuntios
856 2776 894 2831 ed
916 2794 1014 2847 regem
1038 2776 1156 2847 Angliae
1178 2782 1213 2831 ut
1236 2776 1371 2831 liberaret
1405 2776 1451 2830 illi

403 2865 568 2921 Johennem
591 2866 688 2921 Baliol
710 2866 856 2937 quondam
878 2883 976 2936 rogem
995 2864 1114 2931 Seotiae,
1130 2870 1160 2921 61
1184 2866 1234 2921 1116
1257 2867 1354 2938 ipsum
1378 2884 1448 2920 oon-

403 2960 529 3011 serveret
562 2954 600 3010 ab
624 2956 759 3011 omnibus
780 2954 917 3026 perieulis
941 2972 1006 3027 qum
1040 2956 1155 3011 evenire
1178 2960 1312 3027 possent;
1337 2961 1367 3010 et
1400 2972 1450 3009 rex

402 3044 516 3100 dimisit
545 3062 613 3099 eum
647 3050 678 3099 61
708 3044 803 3115 primo
833 3043 864 3097 in
888 3044 1041 3099 11666166(
1065 3049 1095 3099 61
1118 3044 1159 3099 616
1193 3045 1231 3100 61
1262 3050 1353 3100 terres
1376 3062 1449 3099 6666

401 3133 486 3189 Unde
520 3138 552 3189 et
582 3152 659 3188 6666
691 3132 823 3205 sequenti
854 3131 973 3203 quidem
996 3134 1161 3189 Willelmus
1183 3134 1300 3205 Weleys
1332 3132 1451 3188 natione

402 3226 506 3277 866166
543 3228 644 3278 contre
681 3240 780 3292 regem
812 3221 986 3277 Edicendum
1022 3240 1158 3292 guerram
1191 3221 1374 3291 instauravit,
1407 3227 1451 3277 661

401 3312 528 3367 secundo
565 3316 632 3383 post
668 3312 732 3366 haec
766 3328 843 3365 enno
881 3312 1054 3382 profugatus
1085 3316 1135 3367 661.
1192 3312 1254 3367 Rex
1292 3311 1450 3367 Edwardus

402 3400 509 3455 oceidit
546 3401 584 3456 lx.
623 3400 707 3455 milia
746 3400 899 3456 Scotorum
937 3398 1015 3471 apud
1053 3400 1267 3456 Fouthchirohe
1305 3399 1337 3455 16
1375 3401 1449 3455 festo

401 3488 493 3545 beetae
516 3489 619 3545 Mariae
649 3489 839 3559 Megdeleum.
883 3491 1095 3546 Verumtamen
1131 3490 1210 3545 Scoti
1241 3490 1450 3545 invalescentes

402 3578 543 3651 paulatim
577 3596 628 3649 per
662 3596 728 3633 xxx.
751 3595 844 3633 66666
866 3596 958 3650 usque
981 3579 1018 3633 61
1050 3584 1181 3651 tempore
1202 3580 1280 3649 regis
1315 3579 1450 3633 Eduardi

403 3672 468 3738 post
505 3672 695 3739 conquestum
738 3666 820 3722 tertii
852 3668 964 3738 Anglos
997 3672 1026 3723 61
1060 3667 1224 3739 Anglorum
1258 3667 1356 3724 vicine
1386 3668 1449 3723 loce

402 3757 508 3827 smpius
524 3748 717 3827 proluerent.⁶
757 3756 841 3825 Quod
855 3756 973 3828 quidem
990 3757 1182 3812 infortunium
1198 3757 1263 3813 dolo
1286 3764 1315 3813 ot
1338 3758 1448 3813 effemi-

401 3845 515 3900 natioui
537 3846 699 3917 Anglorum
732 3846 820 3901 multi
850 3846 1035 3918 deputarunt.
1061 3846 1226 3903 Nonnulli
1248 3864 1316 3902 vero
1338 3846 1451 3903 vindici

401 3934 510 3991 dextrae
543 3934 590 3991 dei
622 3936 677 3991 hoo
706 3935 904 4007 ascripserunt
923 3924 1033 4006 juxte⁰
1055 3936 1237 4007 prophetiam
1268 3936 1349 3991 illem
1384 3954 1449 4008 qum

401 4040 531 4096 tempore
576 4024 653 4095 regis
692 4024 828 4095 Egclredi
869 4025 1006 4097 praedixit
1043 4030 1162 4095 gentem
1197 4024 1362 4097 Anglorum
1398 4044 1450 4098 per

400 4114 507 4181 Dacos,
542 4115 668 4171 1166666
700 4121 730 4170 61
754 4115 855 4170 866166
877 4116 938 4170 1666
960 4114 1219 4179 exterminandam,
1253 4114 1330 4185 sicut
1363 4134 1451 4188 supra

434 4404 442 4435 ¹
460 4404 572 4453 1166666
592 4404 655 4451 both
673 4402 786 4467 margins
803 4404 824 4452 is
836 4403 898 4454 Item
983 4404 993 4435 ⁴
1013 4404 1092 4453 01666
1110 4440 1117 4455 .
1136 4440 1141 4453 .
1160 4442 1166 4454 .
1184 4410 1268 4455 terras
1284 4422 1352 4455 ecce.
1387 4408 1449 4459 This

404 4480 677 4545 Korolusfiliuerepie
688 4480 818 4531 Francia.
951 4484 1103 4533 6661666616
1116 4483 1198 4534 66116
1210 4486 1287 4551 sige.

434 4561 567 4625 ²Rymer,
585 4560 600 4609 i.
622 4564 681 4620 sel,
702 4560 774 4627 gives
798 4562 849 4611 this
873 4562 898 4611 in
984 4562 1193 4627 ⁵protriveruut‚
1206 4566 1282 4630 Higd.

401 4640 503 4691 French
516 4641 587 4703 only,
597 4640 645 4688 bnt
655 4641 683 4687 in
695 4646 804 4690 6616666,
984 4641 994 4673 ⁶
1012 4642 1079 4694 llere
1092 4658 1124 4692 66
1144 4644 1206 4693 both
1219 4646 1330 4711 margins
1346 4646 1372 4695 is
1387 4646 1450 4697 Pro·

433 4718 544 4768 ³Conte
566 4719 598 4767 de
620 4719 723 4778 valeys,
746 4719 898 4779 d’Alencon,
949 4720 1038 4785 pletis
1050 4720 1081 4770 dc
1092 4724 1193 4774 miseria
1206 4724 1316 4790 Anplioe.

401 4801 433 4860 (16
445 4797 562 4855 chaere
574 4806 599 4850 et
607 4799 750 4865 d'eungeo,
761 4798 792 4857 R,
