3625 5784
636 857 904 907 arremarensis
928 855 1137 906 cnaourcou.
1357 839 1422 908 357

327 1103 331 1108 ,
365 1041 440 1122 Quo
463 1050 612 1109 cessante
645 1045 746 1131 loqui,
768 1043 941 1110 confestim
973 1043 1156 1110 cardinales
1180 1043 1289 1128 ipsum
1312 1063 1421 1128 regern
1526 1095 1531 1104 .

365 1151 574 1230 rogaverunt,
597 1151 637 1212 ut
660 1167 702 1211 ex
726 1146 902 1212 clementia
929 1146 1021 1232 regia
1051 1167 1196 1210 annuere
1220 1145 1421 1230 dignaretur,

354 1247 502 1312 nuncios
526 1268 627 1334 super
648 1248 710 1313 hoc
724 1248 795 1333 regi
818 1247 1026 1312 Alamanniae
1043 1247 1215 1312 destinare.
1262 1245 1307 1310 Et
1321 1245 1419 1309 datos

364 1353 415 1412 est
437 1349 507 1414 dies
533 1351 697 1415 crastinus
729 1351 772 1415 ad
804 1349 1079 1436 respondendum.
1128 1349 1282 1416 Crastino
1304 1353 1417 1413 autem
1431 1357 1550 1434 1111111.

363 1449 417 1515 die
455 1471 529 1516 curn
568 1453 783 1517 convenirent
812 1452 935 1516 iterum
973 1451 1130 1530 universi,
1168 1451 1257 1516 idem
1292 1423 1569 1542 Dunel-fflsse·

363 1551 484 1616 mensis
508 1552 679 1640 episcopus
702 1554 738 1616 in
762 1552 889 1619 Gallico
912 1554 960 1618 sic
982 1553 1039 1630 ait,
1057 1553 1225 1619 “Domini
1247 1551 1416 1628 1111111111,
1428 1555 1541 1632 seman

363 1655 587 1739 “requisistis
610 1655 765 1720 hesterna
787 1655 842 1720 die
866 1655 1037 1719 dominum
1068 1662 1219 1719 nostrum
1242 1675 1352 1740 regem
1375 1622 1576 1752 deame?

363 1763 380 1789 “
403 1755 541 1835 dnobuS,
564 1757 690 1822 scilicet
713 1757 802 1842 quod
826 1780 867 1822 111
891 1757 1000 1844 gratia
1023 1779 1084 1822 sua
1106 1778 1198 1821 mera
1220 1755 1565 1870 dignareturffissd·

362 1863 379 1891 “
402 1858 538 1923 nuncios
561 1859 694 1924 mittere
709 1859 753 1924 ad
767 1881 877 1945 regem
901 1858 1093 1934 Alemannis,
1117 1863 1157 1922 ut
1179 1858 1250 1942 ejus
1265 1858 1415 1922 animum
1498 1857 1504 1870 '

361 1965 380 1990 “
401 1957 526 2024 alliciat
572 1961 615 2025 ad
631 1981 745 2047 pacem
761 1961 973 2025 annuendam
989 1965 1023 2024 ct
1038 1960 1135 2046 plene
1151 1959 1416 2024 confirmandam.

362 2067 378 2094 “
401 2060 452 2124 De
475 2060 561 2140 alio;
584 2063 673 2146 quod
704 2061 830 2127 scilicet
863 2066 998 2148 treugas
1030 2061 1222 2128 concederet
1244 2081 1349 2146 usquc
1372 2060 1415 2124 ad

362 2170 378 2196 “
402 2167 528 2226 certum
554 2168 686 2248 tempus
719 2163 809 2229 infra
841 2163 929 2249 quod
961 2164 1003 2228 de
1034 2163 1134 2250 plena
1168 2184 1247 2249 pace
1278 2163 1415 2227 tractari

361 2268 378 2298 “
400 2269 522 2348 posset,
544 2263 598 2328 vel
621 2264 710 2349 ipsas
737 2263 855 2328 saltem
890 2270 1025 2350 treugas
1057 2263 1197 2344 ulterius
1231 2284 1413 2349 prorogare.

360 2366 455 2430 “Ad
500 2367 646 2453 primurn
691 2367 868 2432 articulum
902 2367 1079 2453 respondet
1124 2366 1219 2431 vobis
1258 2366 1413 2431 dominus
1426 2366 1566 2443 Quiane

359 2475 377 2501 “
401 2472 512 2533 noster
535 2491 594 2534 rex
617 2469 686 2543 sic:
718 2469 806 2554 quod
828 2471 958 2534 natione
981 2474 1016 2534 et
1037 2469 1223 2533 reverentia
1253 2467 1412 2533 Romanae
1425 2433 1559 2550 fflffif

362 2578 380 2604 “
404 2570 545 2638 ecclesiae
577 2569 674 2656 quae²
708 2573 813 2637 totius
835 2573 924 2637 orbis
962 2575 1064 2658 caput
1100 2576 1151 2636 est
1174 2571 1341 2657 magistra,
1379 2577 1414 2635 et
1425 2567 1514 2680 “²⁸1¹ss

358 2669 376 2704 “
401 2670 568 2736 occasione
591 2693 804 2756 personarum
837 2680 1023 2738 vestrarum
1056 2673 1114 2757 qui
1146 2671 1236 2736 illius
1268 2671 1412 2737 ecclesiae
1424 2647 1535 2771 ffiin

357 2781 377 2806 “
400 2773 479 2838 estis
502 2774 658 2850 membra,
681 2773 860 2859 habitaque
883 2774 1144 2839 consideratione
1166 2773 1269 2838 vestri
1292 2738 1555 2839 laborisviurond

358 2881 379 2912 “
403 2881 438 2940 et
460 2875 550 2962 longi
566 2876 701 2953 itineris,
719 2877 902 2941 liberaliter
924 2876 1073 2942 concedit
1089 2875 1183 2940 vobis
1199 2897 1257 2941 rex
1272 2877 1411 2941 nuncios
1422 2869 1537 2985 {ffi'

360 2983 378 3013 ‘⁴
401 2998 477 3041 suos
516 2999 615 3063 super
652 2977 713 3043 hoc
751 2979 874 3044 ibidem
912 2976 1085 3043 destinare.
1133 2977 1187 3042 Ad
1219 2977 1311 3042 aliud
1345 2977 1410 3042 sic:
1424 2987 1562 3054 Germany.

356 3087 377 3116 “
401 3079 490 3144 Satis
513 3079 608 3144 vobis
632 3085 762 3145 constat
785 3085 819 3146 et
852 3081 943 3144 onrni
976 3080 1099 3166 populo
1134 3079 1223 3164 quod
1245 3080 1410 3144 exercitus

355 3181 484 3267 “regis
507 3181 655 3248 Franciae
680 3189 713 3246 et
736 3203 816 3267 gens
839 3203 899 3246 sua
932 3186 1005 3246 tota
1035 3181 1107 3267 jam
1131 3181 1241 3266 parati
1265 3180 1414 3246 existant

356 3291 374 3316 ⁴‘
398 3288 437 3348 ut
471 3281 557 3348 sibi³
579 3289 623 3349 ot.
648 3285 716 3349 suis
749 3284 896 3348 inferant
930 3283 1019 3348 mala
1051 3305 1125 3370 quae
1156 3288 1303 3369 possunt,
1327 3284 1413 3348 sicut

355 3391 374 3418 “
397 3383 565 3470 hucusque
588 3383 737 3450 fecerunt
759 3385 794 3448 in
817 3389 906 3450 terra
921 3390 955 3449 et
977 3385 1014 3449 in
1036 3385 1129 3465 mari,
1151 3385 1239 3448 unde
1261 3385 1331 3470 regi
1346 3405 1413 3448 non

355 3495 374 3521 “
397 3492 481 3552 esset
503 3508 651 3551 securum
670 3486 738 3551 suis
763 3487 939 3572 praecipere
961 3486 1029 3550 ne⁴
1050 3507 1086 3550 se
1108 3484 1323 3550 defenderent
1345 3484 1411 3550 nisi

355 3599 373 3624 ⁴‘
397 3610 438 3654 ex
461 3593 556 3675 parte
588 3587 693 3653 altera
724 3594 812 3654 esset
844 3587 1027 3653 inhibitum
1062 3609 1104 3652 ne
1138 3587 1279 3652 ulterius
1301 3608 1408 3672 perse·
1423 3593 1582 3646 3111111111-

356 3701 373 3726 “
396 3695 584 3776 querentur.
644 3690 783 3776 Propter
821 3691 910 3776 quod
953 3690 1048 3754 vobis
1085 3690 1270 3791 respondet,
1309 3668 1560 3776 quamffimffi

356 3793 463 3857 “cito
501 3793 689 3858 constiterit
727 3793 757 3857 ei
792 3814 902 3878 regem
941 3792 1090 3857 Francise
1128 3813 1170 3856 ex
1217 3797 1310 3878 parte
1349 3792 1508 3856 suatilities
1522 3791 1561 3842 till

356 3901 376 3932 “
400 3894 583 3960 inhibuisse
606 3895 660 3958 vel
683 3894 833 3960 inhibere
856 3894 951 3971 velle,
966 3893 1083 3959 statim
1106 3900 1140 3957 et
1163 3893 1233 3979 ipsc
1256 3893 1325 3958 suis
1346 3893 1408 3958 hoc
1420 3859 1521 3974 Idm

358 3995 481 4059 “illud
518 3995 606 4060 idem
641 3995 860 4081 praecipiendo
891 3994 1073 4070 mandabit,
1112 3995 1169 4058 sed
1199 4001 1277 4058 ante
1314 3993 1407 4058 non.'’
1420 3990 1540 4106 <impl

356 4097 385 4162 F
385 4104 523 4183 actoque
547 4097 608 4162 tali
630 4119 785 4183 responso
808 4102 843 4161 et
871 4102 1006 4182 accepta
1027 4095 1163 4160 licentia
1185 4095 1308 4159 reversi
1330 4057 1548 4172 111111ξὲἓὲῐο

355 4199 538 4265 cardinales
561 4199 597 4262 in
620 4198 792 4264 Francinm
823 4198 912 4262 unde
945 4197 1037 4282 prius
1061 4203 1228 4275 venerant,
1252 4197 1309 4262 sed
1341 4219 1409 4262 non

359 4300 464 4378 vacui,
517 4301 619 4365 immo
673 4300 789 4364 bursas
846 4305 1033 4364 vacuantes
1103 4299 1155 4362 Ex
1210 4320 1409 4385 unoquoque

305 4411 311 4424 '
356 4401 539 4467 cathedrali
562 4401 707 4487 capitulo
741 4401 795 4465 vel
829 4401 1001 4487 collegiato
1035 4421 1093 4486 per
1123 4405 1228 4465 totam
1252 4401 1408 4488 Anglianr

296 4687 298 4692 '
390 4679 397 4711 ¹
416 4677 501 4740 licent,
512 4679 585 4736 Ms.;
602 4675 746 4734 11111111.
939 4675 951 4708 ⁸
968 4673 1030 4739 rita]
1051 4689 1100 4722 om.
1114 4675 1167 4723 MS.

388 4757 399 4791 ²
416 4756 491 4822 quod,
504 4757 575 4816 MS.;
592 4773 656 4820 qaoe,
667 4759 701 4806 A.
941 4753 953 4785 ⁴
970 4753 1014 4818 nc]
1035 4768 1091 4815 nec,
1102 4754 1176 4803 MSS.
