3625 5784
618 886 891 938 ourcmreursn
915 887 1126 938 cunorroor.
1357 871 1400 941 97

391 1077 456 1134 Hoo
482 1075 574 1134 etiem
605 1095 684 1134 enno
714 1095 765 1133 rex
791 1078 957 1134 willelmus
990 1079 1137 1152 profectus
1168 1079 1399 1138 Northimbriom

345 1167 446 1222 urbem
470 1166 642 1238 Lugubelire
665 1185 731 1240 quae
753 1167 840 1224 modo
863 1167 991 1224 (irerliell
1013 1169 1131 1236 dicitur,
1154 1161 1324 1242 repererit,1
1340 1189 1402 1227 ces·

345 1262 424 1312 mom
448 1257 480 1312 in
502 1275 537 1312 ee
559 1274 679 1328 ponens,
702 1274 767 1329 quae
790 1275 809 1312 e
831 1257 927 1329 primo
950 1258 1079 1314 edrentu
1101 1259 1252 1315 Denorum
1275 1277 1326 1333 per
1348 1250 1403 1318 co.8

346 1364 438 1402 conos
475 1347 605 1402 desolate
638 1345 781 1417 jacuerat.
844 1348 883 1402 Et
916 1346 974 1402 cito
1006 1353 1072 1419 post
1105 1348 1183 1421 epod
1214 1349 1402 1406 (llorerniem

347 1435 431 1506 grsri
462 1436 564 1492 morbo
597 1452 759 1507 percussus,
792 1435 828 1491 de
864 1436 988 1492 consilio
1020 1455 1173 1509 procerum
1197 1438 1289 1494 ritem
1320 1457 1403 1496 suem

170 1527 324 1596 Tvyoool.
348 1525 493 1596 corrigere
516 1525 672 1596 promisit;
712 1524 764 1580 sod
786 1525 923 1597 quumvis
947 1526 999 1581 illo
1022 1545 1099 1582 enno
1124 1526 1403 1601 archiepiscopatum

171 1606 251 1654 2³6⁵.

349 1603 511 1671 Aneelmo³
527 1614 681 1679 consonet,
697 1614 743 1668 nil
757 1618 856 1670 temen
872 1613 909 1669 de
931 1613 1018 1671 rebus
1039 1616 1303 1689 archiepiscopetus
1326 1618 1404 1674 ultre

350 1704 429 1775 regis
448 1703 562 1775 jussum
585 1721 700 1760 sumere
723 1703 817 1769 licuit,
842 1703 935 1760 donec
958 1704 1103 1760 tributum
1126 1707 1203 1778 quod
1226 1707 1405 1779 imposuerat

350 1795 573 1866 persolveretur.
619 1792 719 1850 Simili
740 1791 827 1848 modo
850 1792 928 1848 dixit
949 1794 1147 1867 episcopetum
1170 1793 1405 1853 Lincolniensem

352 1883 525 1940 Eborecensi
547 1882 610 1938 sedi
632 1881 781 1954 subjecere
805 1881 919 1948 debere,
946 1901 1095 1956 quousque
1126 1885 1272 1941 liebertus
1296 1877 1406 1943 Bluet⁴

300 2041 308 2052 α
352 1991 380 2028 r.
395 1972 491 2028 millis
504 1990 667 2028 marcorum
692 1971 757 2042 regi
779 1971 914 2030 dedisset.
962 1972 1027 2028 Hoc
1042 1991 1155 2046 quoque
1173 1992 1250 2030 enno
1273 1975 1405 2048 Bogerus

353 2062 456 2118 Comes
489 2061 614 2133 Selopiae
649 2061 733 2127 obiit,
757 2061 810 2133 qui
841 2079 910 2116 cum
942 2061 1097 2118 decubaret
1120 2064 1214 2118 fectus
1236 2069 1281 2120 est
1303 2083 1405 2121 mone·

353 2151 425 2207 chus
447 2151 486 2208 ed
507 2151 737 2207 succurrendum
761 2150 882 2218 [animm
914 2142 1014 2220 suae]⁵
1036 2153 1235 2210 consentiente
1258 2154 1406 2210 comitisse

352 2258 441 2296 uxore
474 2259 528 2296 sue
557 2239 686 2296 Adelise.
740 2239 861 2296 Miseret
891 2258 1018 2312 nemque
1053 2241 1248 2312 Regmeldum
1279 2243 1405 2315 priorem

354 2330 480 2402 Selepiae
503 2329 581 2402 opud
604 2329 778 2385 Oluniecum
801 2347 855 2401 pro
877 2329 978 2385 tunice
1008 2331 1103 2386 suncti
1134 2331 1270 2404 Hugonis
1293 2332 1406 2388 obbatis

353 2419 509 2477 induenda.
570 2418 626 2475 Oui
661 2420 800 2474 successit
832 2418 922 2490 Hugo
954 2419 1032 2475 filius
1064 2438 1141 2476 suus.
1195 2422 1260 2476 Hoc
1291 2439 1405 2495 quoque

353 2526 430 2564 enno
452 2509 512 2563 snit
533 2526 642 2580 mogus
672 2509 840 2580 pluviarum
863 2508 1029 2576 inundatio,
1054 2515 1084 2565 et
1106 2509 1166 2565 cito
1190 2516 1263 2582 post,
1288 2518 1403 2567 tentum

353 2598 523 2666 gelicidium
554 2603 588 2652 ut
620 2597 728 2670 ubique
760 2587 875 2652 eticm⁰
903 2599 982 2654 ultre
1015 2617 1104 2670 equos
1137 2605 1255 2670 possent
1276 2601 1405 2672 plaustro

354 2688 441 2754 duci;
474 2705 532 2760 quo
554 2687 651 2744 soluto
673 2696 776 2759 pontes
798 2685 907 2758 ubique
929 2705 1005 2759 pene
1028 2689 1141 2743 effracti
1164 2695 1242 2744 eunt.

398 2767 495 2832 Reee⁷
517 2795 567 2832 rex
587 2776 702 2833 Welliae
719 2777 830 2832 occisos
845 2781 890 2831 est
913 2775 1061 2849 inpugna
1079 2775 1166 2847 juxte
1182 2767 1354 2842 Brochnor,⁸
1376 2782 1406 2833 et

354 2865 396 2920 sic
417 2884 501 2938 reges
524 2865 565 2921 ibi
587 2865 705 2922 desiere.
752 2866 925 2921 Melcolmue
949 2883 999 2921 rex
1019 2866 1171 2921 Scotorum
1194 2867 1321 2922 occurrit
1342 2866 1405 2936 regi

353 2955 503 3012 Willelmo
535 2956 615 3028 opud
649 2954 837 3012 Gloverniem
871 2954 920 3010 die
953 2955 1046 3010 suncti
1070 2955 1211 3011 Bernebae
1233 2961 1268 3009 ut
1290 2972 1405 3010 concor·

355 3044 437 3100 deret
467 3049 535 3101 c'um
572 3063 615 3102 eo.
672 3043 730 3100 Sed
762 3043 901 3116 impeceti
934 3048 1132 3112 recesserunt;
1165 3063 1234 3100 nem
1258 3062 1309 3100 rex
1332 3044 1407 3100 Wil-

355 3135 459 3190 lelmus
473 3135 606 3190 volueret
628 3139 663 3189 ut
685 3134 859 3189 Muleolmns
881 3132 913 3187 in
937 3132 1018 3188 curie
1040 3152 1093 3189 sus
1114 3134 1279 3206 ubicunque
1298 3123 1408 3190 fucrit⁹

355 3223 386 3278 in
408 3224 529 3296 Anglie,
549 3222 698 3295 judicium
726 3222 843 3279 subiret
891 3223 949 3279 Sed
980 3227 1099 3279 econtra
1129 3223 1304 3279 Melcolmus
1326 3241 1408 3280 recu·

355 3313 446 3380 sobet,
468 3313 528 3368 nisi
559 3314 592 3368 in
624 3312 759 3368 confiniis
788 3312 940 3368 amborum
963 3330 1119 3384 regnorum
1151 3312 1202 3368 ubi
1234 3314 1266 3369 id
1299 3313 1409 3370 solebat

355 3402 424 3458 lieri.
470 3402 530 3459 Sed
544 3419 578 3458 eo
601 3419 679 3457 enno
695 3401 869 3457 Melcolmus
883 3407 914 3457 et
929 3401 1142 3475 primogenitus
1164 3401 1228 3474 ejus
1250 3403 1410 3460 Edwardus

354 3509 421 3548 oum
452 3491 556 3547 moltis
590 3492 656 3547 eliis
688 3491 736 3547 die
767 3492 862 3547 sancti
885 3491 977 3548 Bricii
999 3491 1088 3548 occisi
1110 3497 1179 3547 sunt
1201 3492 1234 3546 in
1256 3493 1408 3550 Northim·

355 3582 418 3636 bris
444 3600 462 3637 e
491 3580 635 3636 militibus
670 3581 791 3638 Boberti
822 3580 948 3638 comitis.
1006 3580 1135 3652 Quorum
1169 3586 1263 3639 morte
1297 3583 1407 3648 cudite,

354 3670 522 3742 Mergeretc
556 3671 711 3727 Scotorum
744 3670 847 3741 regine
883 3670 931 3726 dei
968 3671 1075 3726 cultrix
1113 3675 1196 3728 tenta
1229 3671 1333 3728 effecte
1364 3677 1410 3728 est

355 3760 478 3816 tristitie
499 3765 534 3815 ut
555 3760 587 3815 in
610 3758 744 3815 morbum
768 3759 915 3826 decidens,
939 3760 1182 3832 quemadmodum
1209 3761 1295 3818 deum
1326 3778 1409 3832 roge·

355 3855 446 3917 reret,
469 3851 558 3906 tertio
580 3849 687 3905 dehinc
709 3849 757 3905 die
780 3849 863 3904 obiit.
909 3849 972 3918 Quo
1003 3855 1118 3906 mortuo
1149 3851 1230 3908 Scoti
1256 3855 1410 3908 erexerunt

356 3938 551 3995 Dunwoldum
589 3940 709 3994 fratrem
746 3937 898 3994 Melcolmi.
931 3938 963 3992 in
996 3957 1103 4011 regem.
1162 3940 1220 3996 Sed
1251 3941 1411 3997 Dunoenus

356 4028 434 4084 lilius
456 4029 606 4085 Melcolmi
630 4046 683 4100 ope
705 4029 784 4098 regis
798 4027 941 4084 Willelmi
964 4030 1084 4101 expulso
1100 4029 1262 4086 Dunwcldo
1284 4047 1411 4101 regnum

831 4211 1292 4219 -—-————-———--
1304 4207 1409 4216 --—-

390 4319 399 4354 ¹
416 4320 458 4372 On
469 4319 531 4370 both
542 4318 663 4388 margins,
674 4317 775 4369 Corioli
784 4335 858 4384 repa·
941 4316 951 4348 ⁵
970 4317 1083 4370 Omitted
1092 4315 1117 4365 in
1126 4331 1197 4366 some
1208 4315 1285 4368 MSS.
1293 4317 1321 4367 ol
1333 4316 1410 4382 lligd.

355 4405 440 4449 ratur.
942 4395 953 4428 ⁶
969 4395 1055 4460 etiam]
1071 4399 1104 4455 el,
1115 4393 1192 4459 nigri.

388 4477 649 4543 ’omentoonigu
941 4473 1010 4525 ⁷0n
1033 4474 1095 4522 both
1118 4473 1239 4540 margins,
1268 4472 1336 4522 Ilm
1365 4490 1410 4522 rer

387 4558 456 4609 3Οιι
484 4558 548 4606 both
580 4556 700 4622 margins,
724 4553 858 4605 Anecbnus
914 4551 1131 4602 Wcllr'oeoccim,

348 4638 439 4701 soom
458 4635 666 4702 archiepiscopus
687 4635 858 4686 cantuarien·
942 4630 1095 4691 ’Bi-elma,
1108 4629 1186 4696 lligd.

355 4716 399 4767 ris.
941 4709 952 4742 l
968 4709 1042 4768 foret,
1054 4707 1133 4775 lligd.

389 4797 401 4828 ⁴
415 4796 489 4846 From
502 4795 578 4859 lligd.

455 4903 472 4939 o
506 4891 596 4938 olm.
