3625 5784
406 879 474 941 300
738 888 898 939 baumer
921 888 1103 938 narentur

240 1090 295 1142 rho
408 1080 559 1165 potentia
587 1102 648 1146 sua
678 1080 820 1146 intraret
843 1080 878 1144 in
901 1078 1058 1167 Angliam
1080 1077 1185 1145 faeere
1216 1078 1340 1145 malum
1371 1076 1460 1165 quod

240 1156 364 1287 ἓξὲξ),
408 1188 526 1270 posset.
573 1184 617 1249 Et
650 1184 738 1270 quod
771 1204 839 1249 nen
869 1183 1081 1249 concordaret
1114 1204 1189 1248 eum
1221 1204 1295 1269 rege
1331 1181 1461 1270 Angliae

243 1292 385 1342 ammes
410 1291 471 1352 aut
500 1287 664 1353 Almanise
690 1308 750 1352 nee
772 1287 877 1353 altero
901 1307 1015 1351 eorum
1039 1308 1081 1351 ex
1104 1306 1164 1350 sua
1186 1288 1281 1371 parte
1311 1284 1352 1350 de
1382 1305 1462 1371 paee

243 1364 392 1489 wira
411 1388 464 1455 vel
496 1394 614 1475 treuga
643 1389 766 1475 absque
798 1388 934 1453 consilio
960 1392 995 1452 et
1017 1408 1152 1453 assensu
1183 1386 1328 1453 alterius.
1374 1386 1464 1450 Nam

246 1490 367 1609 sagano
411 1514 471 1557 rex
487 1491 674 1557 Almanniae
696 1496 862 1577 receperat
884 1490 926 1555 de
942 1512 1018 1575 rege
1037 1489 1167 1575 Angliae
1189 1488 1234 1556 lx.
1251 1489 1341 1554 mille
1364 1488 1465 1554 libras

244 1572 350 1688 ζῷ’
412 1594 646 1681 sterlingorum
672 1595 818 1659 ireeum
842 1593 939 1657 eoin
972 1592 1168 1659 Gaseoniam
1201 1596 1235 1657 et
1266 1595 1399 1657 tanturn
1430 1590 1467 1655 in

413 1698 606 1783 perditione,
651 1697 737 1763 sicut
781 1696 868 1761 infra
904 1700 1019 1782 patet3
1057 1715 1135 1759 nam
1174 1717 1233 1760 rex
1279 1695 1466 1760 Edwardus

414 1799 593 1884 impeditas
631 1798 696 1862 fuit
732 1819 792 1884 per
828 1819 983 1883 guerram
1014 1796 1152 1862 Walliae.
1211 1796 1340 1862 Deinde
1375 1796 1466 1863 Seoti

245 1922 301 1973 The
412 1903 575 1967 miserunt
612 1902 656 1967 ad
689 1902 813 1967 curiam
849 1900 1033 1966 Romanam
1077 1920 1137 1986 pre
1169 1900 1376 1966 absolutione
1407 1899 1467 1965 ha-

246 1988 343 2104 {iffi
413 2003 521 2069 benda
551 2002 592 2067 de
618 2002 810 2087 juramento
840 2024 900 2067 suo
924 2002 1073 2088 praestito
1096 2002 1166 2087 regi
1197 2002 1336 2088 Angliae‚
1361 2006 1396 2066 et
1426 2000 1466 2066 de

244 2121 313 2171 from
413 2104 565 2190 homagio
595 2126 655 2169 suo
685 2103 736 2168 illi
757 2104 856 2169 facto.
912 2104 956 2168 Et
983 2126 1042 2189 per
1074 2102 1190 2167 falsam
1223 2104 1467 2191 suggestionem

245 2189 392 2305 {³3³3qu
414 2207 535 2272 factam
581 2206 746 2272 Celestino
791 2228 887 2293 papae
932 2212 1012 2271 sunt
1057 2205 1201 2271 absoluti
1246 2228 1305 2292 per
1343 2206 1468 2271 bullam

246 2322 313 2371 from
323 2320 391 2370 their
412 2312 572 2398 papalem.
619 2310 718 2377 Anno
749 2311 867 2397 gratiae
899 2325 1064 2375 Mouxcvl.
1104 2309 1321 2375 reddiderunt
1353 2309 1467 2375 herna-

245 2388 374 2519 ffilffig
414 2414 506 2499 glum
529 2434 627 2477 suum
656 2414 727 2499 regi
751 2412 882 2497 Angliae
916 2432 975 2498 per
1005 2416 1109 2477 certos
1140 2412 1278 2477 nuncios
1307 2411 1468 2477 habentes

247 2517 457 2597 a.1).1ase.fld
479 2514 540 2579 hoe
554 2515 666 2581 literas
682 2514 922 2601 procuratorias
939 2519 974 2579 et
989 2514 1201 2598 despectuose
1221 2514 1282 2580 hoe
1301 2514 1468 2580 iecerunt:

248 2636 378 2687 Lauros
461 2626 478 2653 ‘⁸
503 2616 687 2698 Magnifiee¹
718 2625 846 2698 principi
877 2625 1019 2681 Eduardo
1051 2624 1098 2681 dei
1124 2624 1220 2695 gratia
1251 2625 1315 2696 regi
1337 2624 1467 2697 Angliae,

249 2702 368 2782 BP¹⁵⁰¹l0
418 2718 437 2743 ‘¹
462 2718 611 2773 Jehannes
634 2715 734 2771 eadem
757 2716 853 2787 gratia
877 2716 984 2771 Saetim
1006 2732 1065 2770 rex.
1113 2714 1187 2771 Onna
1211 2734 1263 2770 vos
1293 2732 1327 2770 ac
1357 2715 1409 2770 alii
1432 2716 1469 2771 de

248 2772 358 2887 {¹5¹}OE
418 2807 437 2832 ‘⁴
460 2824 552 2877 regne
586 2810 683 2861 rastro
715 2803 797 2860 vebis
831 2822 891 2859 nen
907 2804 1110 2874 ignorantibus
1137 2794 1208 2860 vel²
1230 2822 1348 2860 eausam
1383 2804 1468 2875 igno·

248 2918 375 2979 fenenne-
418 2898 437 2923 “
462 2898 566 2952 rantiae
597 2913 657 2951 nen
688 2894 863 2949 habentibus
885 2912 938 2965 per
960 2894 1121 2949 uiolentam
1153 2894 1315 2965 potentiam
1339 2899 1467 2973 vestram

247 2972 345 3085 ἘΗΒ
419 2988 438 3013 “
461 2985 546 3041 nobis
583 2990 613 3040 et
644 2984 729 3055 regni
767 2984 860 3039 nostri
898 2984 1003 3038 ineolis
1041 3000 1145 3054 graves
1183 2989 1213 3039 et
1250 2983 1462 3039 intollerabiles

268 3052 367 3103 ‘mage'
418 3076 436 3101 ‘⁸
462 3074 594 3145 injurias,
632 3078 817 3145 contemptus
859 3078 890 3127 et
927 3074 1108 3143 gravamina,
1143 3091 1256 3129 necnon
1301 3077 1332 3129 et
1363 3072 1470 3129 damna

418 3166 437 3191 ‘¹
461 3163 592 3220 enormia
623 3168 724 3218 eontra
745 3180 799 3217 nes
821 3151 873 3218 et³
902 3162 987 3232 regni
1009 3162 1102 3216 nostri
1124 3162 1274 3218 libertates
1304 3180 1338 3217 ae
1368 3168 1470 3218 eontm

419 3254 438 3281 “
464 3254 550 3308 deam
583 3258 613 3307 et
643 3249 793 3323 justitiam
814 3252 928 3306 notorie
962 3256 992 3307 et
1015 3251 1180 3323 frequenter
1211 3251 1380 3317 intuleritis,
1416 3268 1470 3307 nos

419 3344 438 3369 “
463 3350 546 3398 extra
578 3359 703 3412 regnum
737 3346 871 3395 nostram
903 3340 941 3395 ad
964 3341 1057 3396 leram
1080 3339 1220 3413 cujusque
1251 3340 1470 3413 suggestionem

419 3432 439 3457 ‘¹
464 3449 516 3503 pro
548 3430 634 3486 libito
657 3430 817 3486 voluntatis
839 3434 944 3485 vestras
967 3429 1084 3485 eitsndo
1106 3436 1137 3485 et
1169 3429 1296 3487 indebite
1327 3428 1470 3498 vexando,

420 3522 439 3547 “
464 3526 560 3577 castra
581 3526 690 3587 nostra,
722 3525 814 3575 terras
837 3524 867 3575 et
898 3520 1092 3591 possessiones
1114 3526 1229 3575 nostras
1251 3524 1282 3576 et
1305 3526 1470 3577 nostrorum

420 3611 440 3637 ‘⁴
465 3611 543 3665 infra
566 3627 690 3680 regnum
712 3614 847 3664 nestrum
871 3608 981 3679 injuste
1014 3613 1045 3665 et
1079 3609 1142 3665 sine
1174 3610 1283 3665 nostris
1316 3610 1467 3665 demeritis

420 3700 440 3725 “
465 3700 642 3771 occupando,
675 3698 752 3753 bena
784 3703 885 3753 nestra
922 3716 956 3753 ae
994 3698 1175 3753 subditorum
1209 3704 1374 3755 nostrorum
1409 3705 1470 3755 tam

421 3788 440 3815 “
464 3806 516 3861 per
549 3794 657 3844 terram
689 3806 778 3860 quam
810 3806 863 3860 per
895 3805 977 3843 mare
999 3786 1139 3859 rapiendo
1173 3792 1202 3843 et
1236 3788 1312 3844 infra
1345 3806 1470 3861 regnum

421 3880 440 3905 “
464 3880 594 3933 vestrum
631 3878 817 3949 receptando,
863 3882 1036 3933 mercatores
1080 3884 1110 3933 et
1147 3877 1219 3933 alios
1256 3877 1340 3949 regni
1377 3879 1471 3934 nostri

422 3968 441 3994 “
467 3967 576 4023 incolas
599 3966 767 4032 occidendo,
790 3966 979 4038 hominesque
1001 3970 1115 4022 nestros
1138 3964 1173 4023 do
1196 3986 1287 4038 ragno
1316 3973 1416 4023 nostre
1439 3968 1472 4023 in

453 4132 461 4165 ¹
479 4135 548 4184 llere
567 4150 601 4185 on
619 4135 683 4185 beth
704 4132 815 4199 margins
835 4132 857 4182 is
873 4133 921 4182 Jo-
972 4132 1075 4183 dianam
1075 4134 1193 4197 fratrum
1202 4133 1322 4184 acinorum
1333 4133 1364 4183 de
1376 4133 1473 4184 liukar-

421 4212 518 4263 haaars
531 4213 632 4263 Ballio!
643 4231 688 4263 rex
702 4212 795 4263 Seoiiae
807 4211 918 4262 reddidit
972 4212 1068 4279 boarph
1090 4220 1112 4263 ei
1134 4214 1227 4263 socium
1244 4230 1323 4277 arcum,
1342 4230 1408 4264 anno
1430 4214 1474 4265 do·

328 4297 330 4300 ’
418 4310 490 4343 suum
509 4294 655 4359 homagium.
692 4292 747 4342 Sub
764 4292 812 4342 hac
822 4293 921 4356 forna.
972 4294 1033 4342 mirri
1043 4310 1154 4343 acencrr.
1165 4292 1302 4344 indictione
1310 4310 1377 4344 aona
1387 4294 1474 4357 qrciata

421 4374 476 4423 The
495 4372 562 4423 form
573 4372 603 4423 of
619 4370 793 4423 renunciation
812 4370 833 4419 is
845 4369 921 4436 given
973 4372 1013 4421 die
1035 4373 1146 4422 intrante
1168 4390 1249 4423 mense
1274 4372 1377 4438 Aprilis
1405 4372 1475 4438 apud

418 4452 447 4501 in
465 4452 570 4516 Rymer,
587 4450 604 4501 i.
621 4454 745 4507 886-837.
763 4450 823 4499 with
840 4448 921 4498 a‘ffieh
974 4452 1134 4516 Bereroycam
1143 4450 1348 4517 separassem,
1357 4452 1383 4502 ia
1392 4458 1474 4502 castro

419 4532 464 4580 the
480 4538 537 4580 text
554 4530 576 4580 is
593 4531 738 4595 compared.
772 4531 805 4580 In
825 4530 923 4594 Rymer
974 4530 1083 4594 q'asdem
1103 4530 1170 4581 ailloe
1187 4530 1284 4581 domino
1302 4530 1358 4597 regi
1374 4530 1488 4595 Anplioe.

421 4610 464 4660 tha
486 4611 561 4660 letter
583 4610 629 4661 has
652 4611 695 4660 the
717 4608 849 4674 following
866 4624 922 4672 pra·
971 4614 1141 4675 presentata,
1153 4610 1224 4674 cujus
1236 4615 1307 4660 terror
1318 4608 1379 4660 talis
1390 4616 1436 4660 est.

422 4690 525 4741 amblez
554 4690 590 4738 In
611 4690 653 4739 dei
680 4690 783 4737 nomiae.
833 4688 922 4737 Ainea.
1007 4687 1081 4749 ²uel,
1104 4688 1160 4754 gu]
1181 4690 1223 4738 vel
1246 4690 1336 4741 saltem
1358 4688 1475 4755 ignorare

423 4770 484 4819 Hoc
501 4776 537 4818 eat
555 4768 691 4833 exemplum
703 4767 832 4832 cujusdam
842 4766 924 4816 litcrae
975 4784 1027 4819 non
1040 4768 1196 4827 debentibus,
1209 4770 1240 4817 R.

422 4850 490 4913 repis
509 4848 601 4899 scotia
618 4853 643 4898 et
665 4864 697 4896 es
719 4853 796 4913 parte
816 4847 924 4913 ejusdem
1009 4846 1080 4899 ’aaa
1096 4848 1133 4915 et]
1153 4862 1204 4898 orn.
1217 4846 1251 4898 R.

422 4928 492 4993 regis
516 4943 568 4995 per
588 4926 720 4993 religiosos
748 4926 826 4989 viros,
854 4926 925 4977 Gar·
975 4929 980 4938 '
