3625 5784
642 857 912 908 nurcssrsnssrs
935 855 1145 909 cunomcor.
1348 847 1410 911 121

364 1053 559 1113 tbedientiam
573 1055 743 1113 canonicam
759 1055 963 1114 cantuariensi
985 1057 1079 1114 iacere
1098 1057 1193 1114 adhue
1215 1058 1411 1127 detractasset,

363 1151 520 1202 renovatur
556 1145 711 1219 antiquum
749 1145 912 1203 discidium.
959 1148 1151 1217 Quamobrem
1175 1147 1280 1204 statuit
1311 1149 1413 1204 Remis

364 1236 402 1290 ad
425 1236 581 1292 concilium
616 1237 752 1308 generale
783 1253 954 1292 concurrere
976 1255 1029 1309 pro
1055 1237 1199 1293 decisione
1222 1254 1316 1293 causae
1339 1255 1411 1305 suae,

365 1325 414 1380 ubi
436 1345 513 1398 papa
544 1327 639 1398 primo
672 1325 806 1398 promisit
828 1325 1033 1382 cantuariensi
1057 1326 1212 1398 Radulpho
1234 1326 1311 1381 nihil
1343 1346 1411 1384 con-

364 1419 411 1469 trs
445 1414 620 1487 dignitatem
655 1415 873 1472 cantuariensis
904 1416 1034 1472 ecclesis)
1070 1420 1206 1480 statuere,
1230 1416 1321 1472 immo
1355 1417 1414 1473 tale

365 1504 551 1576 privilegium
574 1505 728 1561 videbstur
762 1505 928 1562 concedere.
975 1504 1162 1578 Quaeounque
1186 1507 1350 1562 auctentica
1383 1513 1415 1563 et

364 1611 383 1648 a
404 1595 661 1665 predecessoribus
683 1594 791 1651 nostris
813 1612 948 1651 concessa
970 1594 1058 1650 habet
1088 1593 1211 1651 ecclesie
1232 1601 1338 1663 vesun,
1363 1596 1415 1652 illa

364 1683 531 1740 nullatanus
554 1683 716 1740 minuimus
737 1685 788 1740 sed
805 1684 977 1751 inconcussa
995 1684 1131 1740 volumus
1153 1684 1309 1741 observari,
1356 1685 1414 1742 Hie

365 1771 390 1827 si
421 1772 557 1829 dominus
589 1792 665 1847 pape
702 1792 835 1847 expresse
872 1774 983 1830 diceret
1015 1774 1067 1829 hes
1105 1779 1135 1830 et
1168 1774 1222 1829 bas
1255 1774 1414 1847 dignitates

363 1861 451 1918 babet
479 1863 600 1918 ecclesia
621 1869 730 1928 vestra,
753 1864 915 1920 absolveret
947 1862 1086 1934 litigium,
1111 1863 1162 1920 sed
1184 1881 1263 1920 nunc
1294 1865 1414 1938 reliquit

364 1951 632 2008 indeterminatum.
684 1944 757 2009 Sic¹
773 1953 886 2008 calidus
909 1952 988 2024 lepos
1004 1953 1201 2009 Romanorum
1225 1953 1309 2010 novit
1324 1973 1354 2010 se
1376 1954 1415 2010 ed

363 2048 511 2097 oratorum
544 2047 711 2099 convertere
733 2043 887 2109 versutias,
910 2046 945 2096 ut
975 2059 1039 2113 quse
1062 2042 1129 2097 vult
1152 2060 1233 2098 cassa
1255 2044 1414 2116 suspendat

364 2130 495 2202 ambage,
519 2149 579 2187 non
601 2150 724 2204 parcens
746 2131 895 2187 laboribus
918 2131 1075 2187 dummodo
1098 2131 1158 2188 suis
1182 2134 1314 2189 consulet
1346 2151 1413 2206 pro-

363 2220 493 2277 fectibus
535 2220 622 2277 Unde
644 2227 674 2276 et
696 2221 833 2277 dominus
854 2239 931 2294 papa
953 2220 1153 2277 recedentibus
1175 2222 1292 2278 nunciis
1323 2222 1413 2293 regiis

362 2309 486 2365 inflexus
516 2311 664 2366 favoribus
697 2317 750 2366 aut
785 2309 966 2376 muneribus,
1001 2309 1135 2366 callidius
1173 2328 1261 2383 quem
1295 2315 1412 2368 tantum

362 2398 460 2453 tirum
482 2399 581 2455 decuit
612 2400 809 2455 Thurstannm
831 2404 929 2471 spreta
960 2399 1145 2471 antiquitatis
1177 2402 1280 2471 regula
1311 2417 1412 2458 eonse-

362 2488 465 2555 crevit,
489 2489 612 2562 pallium
633 2490 771 2557 tradens;
796 2494 827 2544 et
849 2489 920 2545 lieet
940 2507 991 2544 rex
1015 2487 1161 2545 Henricus
1183 2507 1218 2545 ex
1240 2490 1297 2546 hoc
1318 2490 1412 2563 pluri·

186 2585 278 2709 2Τπγι,
290 2593 339 2643 ωι
363 2595 443 2633 mum
467 2576 638 2650 indignatus
659 2585 767 2635 terram
790 2596 873 2634 suam
895 2577 1055 2634 Thurstiuo
1086 2577 1261 2651 prohiberet,
1297 2585 1412 2653 aposto-

363 2667 429 2724 licis
461 2673 561 2724 tamen
598 2669 691 2725 literis
727 2668 899 2742 perterritus
930 2673 983 2724 est.
1030 2667 1141 2738 Quibus
1172 2668 1412 2740 comprehensum

362 2757 458 2813 iuerat
479 2763 514 2812 ut
543 2762 596 2814 ant
617 2759 814 2814 Thurstanum
848 2757 1026 2823 admitteret,
1050 2757 1133 2814 aut
1123 2774 1186 2829 rpse
1209 2774 1260 2813 rex
1293 2759 1411 2815 anathe-

362 2846 434 2902 mati
472 2845 654 2918 subjaceret;
679 2853 710 2903 et
741 2845 959 2904 cantuariensis
997 2845 1083 2902 officii
1116 2845 1261 2917 dignitate
1293 2863 1411 2920 suspen·

362 2935 486 2993 deretur.
554 2937 729 3009 Radulpbus
784 2935 1003 2992 cantuariensis
1057 2935 1095 2991 ad
1146 2935 1327 2991 iracundiam
1381 2942 1412 2993 et

361 3025 519 3098 paralysim
563 3026 724 3098 plurimum
769 3025 939 3091 inclinatus,
978 3023 1025 3078 die
1074 3042 1131 3097 qno
1168 3043 1219 3080 rex
1265 3025 1412 3083 Henricus

360 3120 476 3171 mortua
506 3115 602 3188 prima
632 3133 721 3171 uxore
742 3115 836 3171 tiliam
858 3115 940 3170 ducis
962 3102 1160 3188 Lotoryngse²
1193 3113 1325 3181 duxerat,
1348 3114 1411 3188 epi·

360 3222 480 3277 scopum
514 3204 759 3262 sarisburiensem
791 3204 830 3260 ad
861 3204 893 3258 id
924 3204 1122 3277 peragendum
1154 3203 1243 3259 sacris
1272 3202 1411 3261 indutum

360 3295 474 3350 exuviis
489 3295 590 3350 cedere
605 3294 712 3365 coegit,
735 3299 766 3349 et
781 3294 929 3368 Wyntano
945 3295 1079 3366 episcopo
1101 3293 1157 3348 hoo
1180 3291 1307 3348 officium
1331 3293 1409 3351 dele·

359 3384 450 3454 gavit.
495 3384 615 3440 Postere
651 3389 750 3440 autem
788 3382 836 3440 die
870 3400 938 3438 cnm
971 3401 1071 3454 regem
1103 3382 1265 3439 Hernicum
1297 3381 1410 3440 videret

358 3479 465 3547 praeter
487 3473 533 3529 sui
556 3472 765 3530 conscientiam
789 3477 970 3538 coronatum,
995 3472 1116 3528 accessit
1138 3472 1175 3528 ed
1205 3489 1274 3528 eum
1296 3473 1407 3542 dicens,

359 3561 473 3633 Injuste
495 3581 526 3618 es
549 3569 714 3629 coronatus,
737 3561 784 3617 Tu
805 3561 899 3634 igitur
922 3565 974 3618 aut
996 3560 1154 3618 abstinebis
1176 3579 1194 3617 a
1218 3580 1333 3630 corona,
1356 3569 1409 3620 aut

358 3669 413 3723 ego
436 3670 454 3708 a
475 3651 572 3709 missa
618 3651 674 3708 cui
702 3669 754 3707 rex
776 3653 828 3717 ait,
852 3651 940 3707 Pater
955 3641 1047 3724 qnia³
1070 3669 1221 3725 perperam
1243 3657 1341 3708 actum
1363 3659 1408 3710 eet

357 3741 478 3814 corrige
523 3743 584 3800 Vix
615 3740 709 3814 igitur
742 3741 915 3813 liudulphus
946 3757 1096 3813 procerum
1130 3741 1264 3813 precibus
1295 3748 1340 3799 est
1363 3742 1406 3797 in-

357 3831 449 3887 flexus
487 3831 558 3904 quin
595 3819 708 3903 regiam
748 3848 884 3887 coronam
916 3830 952 3885 de
983 3829 1079 3903 capite
1112 3832 1193 3903 regio
1225 3831 1406 3888 excussisset.

357 3919 414 3977 Vir
450 3920 568 3993 quidem
606 3919 758 3992 religione,
793 3919 946 3974 literatura
986 3925 1017 3975 et
1047 3919 1220 3976 affabilitate
1247 3925 1405 3992 'praestans

356 4009 466 4066 nullius
481 4009 582 4067 delicti
604 4010 768 4082 suspicione
783 4009 868 4065 facile
884 4007 1049 4078 [notabilis]
1062 3999 1075 4039 ⁴
1088 4009 1146 4065 nisi
1169 4009 1247 4082 quod
1269 4010 1306 4066 ad
1326 4007 1406 4082 jocos

356 4103 387 4155 et
407 4099 484 4156 risus
516 4099 685 4155 inclinatior
717 4103 781 4154 erat
811 4115 900 4171 quarn
937 4098 1062 4168 gradum
1099 4103 1129 4153 et
1167 4103 1284 4154 etatem
1322 4117 1405 4155 suem

355 4188 484 4256 decebat,
507 4189 715 4261 dicebaturque
730 4206 837 4259 nugax.
882 4187 986 4243 Hiems
1001 4187 1160 4259 asperrima
1174 4186 1284 4252 extitit,
1308 4185 1350 4242 its
1371 4193 1407 4244 ut

355 4279 443 4334 multi
468 4284 573 4353 pontes
601 4296 653 4352 per
682 4277 823 4349 Angliem
856 4277 1033 4333 resolutione
1055 4275 1159 4348 glaciei
1193 4277 1406 4346 frangerentur.

355 4367 457 4424 Mense
494 4367 573 4424 Maio
607 4367 819 4425 advolaverunt
851 4365 884 4420 in
917 4371 1026 4422 terram
1060 4365 1306 4438 Ieroeolymorum
1343 4369 1406 4422 tam

355 4458 458 4515 multae
488 4458 608 4514 locustis
632 4457 804 4513 devorantes
835 4455 947 4522 vineas,
971 4454 1087 4511 arbores
1110 4459 1140 4510 et
1171 4458 1246 4521 seta,
1268 4455 1404 4527 factoque

386 4703 492 4754 *From
503 4701 601 4767 sigo,
618 4699 680 4762 Sed,
691 4700 747 4751 MS.
935 4695 1037 4762 'qued
1049 4694 1126 4763 Higd.

387 4781 399 4814 ²
413 4781 599 4847 betharim,
611 4780 689 4847 iligd.
935 4777 946 4808 ⁴
965 4777 1043 4826 hom
1056 4774 1134 4844 Higd.
