3625 5784
401 905 466 973 158
738 919 885 974 nsuuror
909 919 1091 973 salomon

399 1115 496 1188 gentis
519 1115 636 1188 perfidas
652 1107 818 1174 coerceret1
833 1114 1029 1174 insolentiam
1075 1117 1187 1175 Verum
1209 1120 1317 1190 praeter
1331 1135 1367 1172 ea
1384 1133 1450 1188 quae

400 1207 478 1278 apud
500 1205 691 1279 Lyuoolniam
725 1211 756 1263 et
788 1207 923 1280 Lynnam
955 1207 988 1262 in
1021 1207 1108 1262 rebus
1139 1211 1169 1262 et
1200 1206 1330 1278 personis
1352 1205 1451 1261 Judasi

400 1296 591 1367 pertulerant,
626 1294 704 1368 apud
738 1297 900 1353 Eboracum
938 1297 1058 1370 quidam
1098 1301 1163 1368 post
1195 1295 1341 1351 diutinam
1375 1293 1449 1352 obsi·

401 1385 517 1442 dionem
556 1391 586 1442 et
623 1386 810 1443 afflictionem
833 1386 926 1460 Rahy,
959 1387 1100 1458 magister
1131 1385 1313 1451 ludaeorum,
1345 1381 1451 1440 incidit

400 1493 489 1532 renas
526 1492 600 1532 cccc.
640 1476 811 1532 Judaeorum
847 1493 970 1549 suasque
1001 1474 1133 1548 proprias
1161 1493 1252 1531 renas
1282 1479 1314 1530 et
1347 1479 1450 1543 guttur

400 1565 499 1620 uxoris
521 1582 581 1622 suae
605 1565 797 1622 detruncavit.
843 1565 901 1623 Sed
934 1571 965 1622 et
987 1566 1065 1638 apud
1089 1553 1266 1622 Staniorth²
1292 1564 1375 1620 caeds
1398 1569 1451 1620 ant

401 1655 536 1728 expilatis
559 1655 682 1721 Judaeis,
707 1655 856 1711 Johannes
882 1653 1003 1728 quidam
1034 1653 1243 1711 audacissimus
1266 1653 1450 1711 Christianus

401 1761 467 1800 oum
500 1743 602 1800 multis
633 1745 734 1818 spoliis
767 1745 1016 1801 Northautoniam
1049 1743 1179 1812 divertit,
1203 1743 1254 1799 nbi
1277 1748 1308 1800 et
1337 1743 1450 1800 ambitu

401 1834 533 1906 pecuniae
566 1836 664 1891 allatis
696 1835 822 1890 latenter
855 1833 967 1890 occisus
1000 1839 1045 1890 est
1076 1835 1113 1890 ah
1143 1834 1259 1907 hospite
1290 1851 1353 1902 suo,
1385 1852 1449 1890 cor·

401 1940 513 1996 pusque
544 1923 608 1995 ojus
641 1924 677 1982 de
708 1929 793 1980 nocte
824 1923 987 1997 projectum
1008 1928 1054 1980 est
1075 1929 1157 1980 extra
1187 1924 1300 1991 urbem,
1323 1923 1449 1980 occisore

401 2012 543 2084 fugiente.
602 2013 671 2070 Mox
719 2012 932 2070 somniantibus
963 2013 1072 2070 vetulis
1117 2019 1205 2086 atque
1242 2013 1450 2087 apparentibus

401 2102 509 2158 ibidem
533 2091 708 2160 fallacibus³
731 2102 882 2175 signorum
906 2103 1066 2176 praestigiis
1090 2103 1134 2159 illi
1150 2103 1289 2177 martyris
1311 2103 1450 2160 meritum

400 2191 546 2265 simplices
569 2193 702 2249 homines
726 2192 902 2260 tribuerunt,
920 2194 1107 2265 sepulchrum
1129 2193 1260 2251 defuncti
1283 2193 1450 2250 solennibus

402 2283 530 2338 excubiis
552 2287 583 2338 et
615 2281 784 2340 muneribus
814 2283 997 2340 honorantes
1050 2282 1211 2340 Ridebatur
1240 2284 1297 2339 hoo
1329 2301 1348 2340 a
1380 2300 1475 2356 pru··

402 2372 550 2440 dentibus,
573 2371 624 2428 sed
646 2377 744 2428 tamen
767 2377 886 2444 gratum
920 2373 978 2430 fuit
1008 2372 1064 2429 hoo
1086 2372 1198 2430 clericis
1230 2361 1365 2428 ibidem⁴
1385 2372 1447 2429 rio·

402 2461 558 2518 titantibus
580 2460 676 2534 gratia
709 2461 935 2519 commodorum.
981 2461 1039 2520 Res
1061 2461 1190 2519 defertur
1212 2461 1250 2518 nd
1271 2460 1449 2535 episcopum,

403 2549 576 2623 quistatim
607 2550 776 2608 continuata
805 2551 986 2624 simplicium
1015 2551 1112 2609 madio
1134 2557 1165 2608 et
1187 2549 1361 2624 cupidorum
1383 2551 1450 2608 salsi

402 2641 541 2715 martyris
584 2641 712 2712 insignia
754 2641 928 2714 profanavit.
985 2641 1069 2698 Inter
1112 2641 1176 2698 hee
1216 2657 1286 2713 rege
1324 2641 1450 2698 Ricardo

402 2731 532 2797 absente,
570 2730 735 2788 Willelmus
773 2730 922 2788 Heliensis
955 2729 1109 2804 episcopus
1144 2729 1224 2803 regis
1261 2731 1451 2788 muoelladus

403 2825 434 2876 ot
456 2821 540 2892 regni
562 2825 787 2893 procuratores
810 2821 976 2894 apostoliea
1000 2820 1077 2877 sadis
1099 2820 1248 2877 mediante
1269 2819 1394 2894 pecunia
1417 2817 1449 2875 in

403 2909 515 2982 Anglia
546 2911 670 2982 legatus,
702 2911 812 2966 olerum
844 2910 998 2983 oppressit,
1028 2910 1107 2980 regis
1140 2911 1326 2982 praetendens
1355 2915 1450 2982 potos·

407 3005 507 3067 tatem,
531 3000 643 3073 plebem
675 3000 826 3073 depressit,
861 3000 1023 3056 Romanam
1055 3001 1210 3056 ostendens
1239 2999 1451 3056 anctoritatem.

407 3090 480 3146 (ium
513 3090 595 3144 mille
626 3088 709 3163 equis
731 3089 914 3163 procedebat,
937 3089 1113 3146 monasteria
1135 3088 1400 3145 contributionibus
1421 3095 1452 3145 et

404 3178 649 3252 hospitationibus
671 3179 829 3252 gravabat5
853 3178 938 3251 regni
961 3176 1084 3250 majores
1106 3178 1163 3235 sibi
1184 3178 1283 3235 affines
1298 3176 1449 3247 efficiebat,

404 3273 558 3341 utramque
577 3268 673 3325 sedem
698 3269 952 3341 metropolitanam
975 3267 1013 3323 ad
1035 3268 1154 3324 libitam
1176 3285 1262 3324 suum
1285 3273 1448 3340 prosterne·

404 3357 462 3414 bat.
507 3359 586 3415 Nam
608 3362 676 3415 ante
698 3357 857 3414 adventum
883 3357 962 3429 regis
979 3357 1099 3414 Ricardi
1122 3357 1153 3412 in
1176 3357 1296 3413 Terram
1318 3363 1450 3414 sanctam

406 3448 599 3521 Balderrynns
621 3446 853 3520 archiepiscopus
877 3447 1096 3504 Oantuariensis
1118 3447 1196 3519 apud
1218 3447 1330 3520 Tyrum
1353 3446 1450 3504 decea-

406 3542 493 3603 serat,
517 3555 551 3593 ao
574 3538 783 3594 Eboraceusem
805 3537 933 3593 eloctum
955 3537 1077 3592 fratrem
1098 3535 1177 3608 regis
1200 3536 1366 3593 Galfridum
1386 3535 1450 3610 jam

407 3644 458 3699 per
480 3645 507 3683 x.
530 3645 622 3684 annos
644 3625 818 3700 impedierat
839 3645 876 3682 ne
898 3631 1124 3683 consecraretur.
1172 3625 1340 3696 Quinetiam
1371 3627 1449 3700 apud
1461 3615 1545 3714 ΓΜ·
1557 3615 1607 3669 00¹·

407 3715 565 3772 Dororiam
587 3715 742 3789 appulsum
758 3715 934 3782 Galt'ridum,
957 3714 1081 3788 direptis
1102 3716 1198 3782 rebus,
1223 3715 1259 3772 de
1274 3687 1536 3773 monasterio‘⁴⁰³‘

406 3805 501 3862 saneti
523 3805 645 3862 Martini
667 3804 790 3872 extrahi,
815 3810 844 3860 ct
866 3805 898 3859 in
920 3805 997 3860 turri
1018 3805 1102 3877 regia
1124 3805 1205 3860 trudi
1226 3806 1344 3863 fecerat.
1393 3805 1451 3863 Sed

406 3899 437 3951 et
468 3895 546 3968 apud
568 3893 856 3952 westmonasterium
888 3899 1028 3966 tanquam
1059 3913 1143 3968 papa
1177 3896 1292 3966 legatus
1314 3901 1345 3952 ct
1367 3895 1451 3968 regni

406 3991 576 4057 procurator
598 3984 755 4040 concilium
778 3985 952 4051 celebravit,
987 3987 1020 4040 in
1042 4003 1100 4057 qno
1123 3986 1255 4057 complex
1277 3983 1340 4057 ejus
1363 3987 1452 4056 Hugo

406 4074 527 4131 Nonant
548 4077 699 4148 episcopus
714 4074 874 4131 Castrensis
889 4075 1037 4146 querelam
1057 4074 1200 4147 deposuit,
1217 4074 1294 4148 quod
1316 4075 1452 4131 monachi

408 4165 615 4222 Gerentrenses
638 4165 811 4237 sanguinem
834 4182 919 4220 suum
942 4163 1085 4220 fudissent
1108 4182 1206 4220 eoram
1228 4164 1325 4221 altari.
1363 4166 1449 4222 Unde

407 4253 535 4312 decrevit
557 4255 722 4312 Willelmns
756 4253 903 4310 Heliensis
934 4254 1091 4310 monachos
1122 4254 1158 4310 de
1191 4255 1364 4311 Gerentreia
1392 4256 1453 4311 fore

406 4345 610 4412 eliminandos,
649 4350 679 4399 ot
715 4344 835 4399 clericos
872 4342 1086 4416 praebendarios
1124 4343 1327 4402 instituendos.
1389 4345 1454 4400 Hac

407 4434 500 4505 igitur
531 4435 679 4490 occasione
711 4437 837 4505 captata,
861 4434 1001 4504 praelatus
1035 4433 1124 4505 Hngo
1158 4433 1281 4490 callidus
1315 4434 1402 4490 homo
1424 4439 1455 4490 et

407 4523 630 4591 inverecundus,
651 4523 745 4580 audax
779 4523 817 4579 ad
848 4539 936 4578 ausus
958 4522 1115 4596 improbos,
1139 4522 1293 4580 literatura
1318 4525 1455 4598 eloquen-

440 4771 447 4806 ¹
466 4772 682 4833 menenensis.
988 4771 998 4801 ⁸
1008 4769 1140 4835 fallaciis,
1151 4771 1208 4824 MS.

439 4852 450 4890 ²
470 4851 603 4918 Slumsorl,
617 4850 694 4918 Higd.
988 4849 998 4881 ⁴
1015 4849 1117 4918 itiam]
1137 4848 1207 4915 inde,
1218 4850 1295 4920 Higd.
