3625 5784
610 915 882 968 nurcssrsussm
905 916 1117 970 cnaorlcou.
1311 903 1376 968 396

324 1103 489 1170 Twodam.
534 1103 583 1171 ut
604 1103 806 1170 invenenmt
827 1125 899 1172 eam
923 1124 1072 1183 vacuam,
1102 1126 1141 1170 eo
1171 1105 1260 1192 quod
1282 1104 1377 1192 fuge-

323 1209 401 1272 rant
439 1205 530 1272 Scoti
568 1206 683 1272 audito
716 1227 834 1272 eorum
874 1208 1024 1296 ingressu
1062 1208 1098 1271 in
1135 1211 1268 1274 terram.
1329 1206 1375 1272 Et

324 1308 473 1396 anglicis
511 1308 734 1374 castrensibus
767 1307 877 1374 iactus
911 1313 962 1376 est
999 1309 1118 1375 laetitia
1154 1331 1284 1397 magna,
1319 1311 1378 1396 qui

324 1411 431 1475 multo
460 1411 531 1495 jam
558 1415 706 1497 tempore
738 1433 758 1474 a
792 1411 899 1476 Scotis
938 1411 1074 1476 fuerant
1110 1411 1304 1500 oppugnati,
1342 1413 1516 1494 inmorar-

324 1512 473 1577 adventu
510 1533 632 1577 eorum.
696 1511 847 1597 Cumque
896 1513 1083 1599 Anglorum
1121 1514 1306 1578 voluntatis
1344 1483 1506 1601 diffidi

323 1613 484 1700 propositi
522 1613 642 1680 fuisset
679 1614 722 1678 ad
760 1614 965 1701 perdendum
988 1613 1162 1680 Scotorum
1195 1617 1379 1691 exercitum
1391 1617 1511 1669 reueveu.

323 1718 506 1805 dirigerent
528 1717 613 1784 acies
647 1737 829 1795 suaseras
861 1739 882 1782 a
915 1739 992 1806 rege
1016 1717 1181 1783 Eduardo
1210 1719 1381 1785 emanavit

324 1840 448 1891 novum
463 1817 680 1886 mrindatum.1
726 1818 928 1906 Supervenit
942 1820 1031 1885 enim
1046 1821 1142 1905 quasi
1165 1821 1201 1884 in
1215 1820 1379 1906 principio

324 1922 583 2010 quadragesima
606 1923 701 1988 miles
722 1922 859 2007 quidam
880 1942 957 1987 cum
979 1922 1086 1988 literis
1111 1923 1200 2010 regis
1229 1923 1273 1988 ad
1297 1945 1378 2010 prae·

324 2024 451 2090 dictum
475 2025 628 2090 comitem
667 2023 708 2090 dc
746 2023 915 2089 Warenna
944 2031 1144 2110 caeterosque
1177 2025 1313 2091 comites
1345 2029 1380 2092 et

323 2126 406 2191 alios
421 2113 642 2203 mostuene,
664 2125 912 2192 continentibus
934 2127 970 2189 in
993 2132 1089 2212 parte
1111 2128 1176 2206 sic;
1198 2129 1287 2214 quod
1309 2128 1379 2214 ipse

324 2249 383 2293 rex
405 2233 539 2294 auctore
562 2229 696 2292 domiuo
718 2229 852 2316 negotia
874 2250 936 2292 sua
961 2230 1185 2294 transmarina
1201 2229 1273 2314 jam
1296 2229 1521 2297 beneThssisss

325 2353 386 2418 pro
417 2337 496 2398 voto
519 2331 720 2417 expedierat,
744 2335 778 2395 et
802 2331 836 2394 in
860 2330 995 2416 propria
1017 2352 1158 2417 persona
1187 2336 1381 2418 properaret
1392 2297 1547 2416 fflffl

325 2434 369 2498 ad
395 2455 450 2498 eos
473 2434 509 2497 in
533 2431 679 2498 Sootiam
701 2452 777 2497 cum
801 2433 890 2496 omni
917 2430 1130 2498 festinatione
1162 2455 1228 2518 qua
1261 2439 1381 2519 posset,
1392 2429 1432 2479 ¹¹³⁸
1444 2446 1501 2508 9⁸⁷⁰

325 2536 470 2602 adiciens
493 2535 580 2620 quod
603 2539 682 2600 ante
704 2534 808 2620 ipsius
843 2534 1024 2598 adventum
1047 2535 1095 2598 nil
1118 2535 1199 2621 quid
1222 2557 1379 2623 magnum
1392 2512 1502 2563 commg.

326 2641 584 2723 attemptaretur
610 2637 646 2700 in
671 2635 785 2700 Scotos
808 2657 907 2700 nese
940 2635 1009 2699 ulio
1042 2636 1225 2702 discrimini
1255 2638 1378 2702 manci·

326 2745 454 2826 parent,
491 2739 549 2804 sed
587 2740 615 2804 si
648 2738 762 2802 villam
804 2737 845 2802 de
883 2737 1031 2822 Berwyk
1069 2738 1207 2824 adipisci
1245 2745 1380 2824 possent

326 2847 499 2907 manerent
531 2840 663 2918 ibidem,
694 2840 798 2906 citum
831 2838 902 2924 ejus
926 2839 1108 2905 adventum
1141 2840 1378 2925 praestolantes.

326 2944 472 3030 Accepto
501 2942 614 3028 itaque
641 2941 832 3028 hujusmodi
856 2942 1015 3006 mandato
1037 2942 1210 3030 elegerunt
1232 2966 1274 3008 ex
1304 2945 1380 3009 uni·

326 3047 430 3112 versis
445 3045 583 3110 armatis
598 3044 688 3108 mille
711 3041 932 3131 quingent0s²
955 3043 1045 3108 viros
1067 3044 1103 3107 in
1126 3044 1219 3130 equis
1241 3046 1380 3112 armatis

326 3152 361 3214 et
383 3147 514 3213 circiter
540 3169 597 3212 xx.
622 3145 728 3210 millia
749 3145 900 3232 peditum
931 3145 1110 3210 electorum
1137 3147 1194 3231 qui
1218 3153 1380 3214 venerant

327 3271 369 3314 ex
384 3249 507 3314 Wallia
521 3253 556 3314 et
571 3271 613 3313 ex
628 3246 860 3314 remotioribus
883 3246 1035 3332 partibus
1050 3252 1158 3325 terrae,
1172 3250 1380 3316 remittentes

327 3352 370 3416 ad
403 3351 539 3438 propria
569 3354 705 3416 caeteros
734 3370 839 3434 usque
861 3349 904 3413 ad
935 3349 1118 3415 adventum
1144 3351 1238 3439 regis
1285 3351 1547 3440 Man-Theanops

327 3457 507 3538 noruntque
536 3452 584 3517 sic
614 3452 650 3516 in
681 3451 795 3516 eadem
819 3451 900 3514 villa
924 3449 965 3515 de
987 3451 1136 3538 Berwyk
1167 3459 1380 3540 expectantes
1393 3430 1532 3545 ἓξὲξ,

327 3555 414 3643 regis
446 3555 637 3630 adventum,
660 3572 853 3639 semperque
876 3553 945 3618 suis
971 3552 1123 3618 hostibus
1152 3555 1196 3619 ad
1226 3513 1465 3624 rossan-uvi.

328 3657 408 3723 dum
431 3657 549 3744 parati

373 3759 469 3824 Inter
504 3761 677 3846 magnates
714 3758 772 3841 qui
810 3777 884 3820 cum
924 3779 1000 3844 rege
1038 3758 1205 3824 Eduardo
1242 3760 1383 3827 aderant

327 3859 471 3926 affuerat
506 3849 616 3924 unusi
654 3859 815 3924 discretus
862 3858 916 3922 vir
959 3857 1066 3924 irater
1112 3860 1296 3928 Wilielmus
1340 3863 1382 3928 de

329 3962 441 4028 Hcton
484 3961 731 4026 Dunblanensis
776 3959 899 4026 electus
945 3962 986 4026 de
1031 3962 1147 4027 ordine
1183 3963 1382 4030 Praedicato

329 4085 412 4141 rum,
450 4065 508 4150 qui
545 4063 700 4130 notitiam
738 4063 1067 4148 familiaritatemque
1109 4064 1196 4152 regis
1234 4065 1383 4131 Francis

329 4169 364 4232 et
400 4170 633 4255 magnatorum
667 4165 812 4250 ejusdem
848 4165 942 4253 regni
980 4169 1194 4231 contraxerat
1227 4167 1307 4231 dum
1346 4167 1383 4231 in
1397 4169 1550 4224 orwulinm

329 4268 496 4357 theologia
518 4266 653 4333 Parisiis
676 4266 791 4332 multis
814 4267 945 4354 egregie
968 4270 1101 4332 rexerat
1119 4266 1225 4344 annis,
1246 4268 1383 4334 natione
1395 4239 1427 4325 ‘¹9
1438 4237 1534 4298 Μ’

159 4371 305 4491 {gamot
328 4375 441 4436 tamen
472 4374 545 4435 erat
570 4369 739 4456 Anglicus.
789 4368 856 4433 Hic
877 4368 999 4432 missus
1028 4369 1099 4455 regi
1121 4368 1270 4435 Francia
1292 4391 1383 4456 pero.

363 4616 457 4668 ¹Here
476 4631 509 4666 on
526 4617 589 4666 both
606 4613 719 4682 margins
735 4611 828 4665 isRex
912 4612 1054 4666 ⁸Heroon
1070 4615 1133 4666 both
1150 4615 1386 4683 margiusisQuo-

331 4696 477 4748 Edwardus
504 4695 637 4746 madreia
658 4694 778 4760 duplicia
801 4699 829 4744 ut
880 4691 953 4742 modo
964 4697 1077 4758 brugun
1093 4694 1207 4745 inim
1222 4712 1270 4746 rex
1280 4698 1383 4763 Asylioe

279 4840 282 4846 Ι
330 4777 464 4827 eamean
474 4775 530 4840 ojus
541 4779 712 4836 apaturos.
880 4769 1097 4826 «rmum

363 4853 375 4886 ²
390 4855 544 4921 quisperant,
556 4852 616 4904 MS.
