3625 5784
628 912 893 959 rrsrosurnassrs
917 912 1125 962 canonicor.
1344 899 1406 960 221

404 1111 466 1166 Rex
490 1111 636 1166 Henricus
669 1109 879 1175 transfretavit,
902 1119 933 1164 et
956 1111 1033 1164 lacta
1054 1118 1099 1166 est
1132 1113 1267 1184 patienda
1290 1130 1408 1167 concor-

359 1198 408 1254 dia
438 1217 505 1254 cum
528 1217 595 1270 roge
630 1199 772 1264 Francius,
805 1217 873 1253 nam
897 1198 1012 1254 remisit
1045 1201 1071 1254 ei
1095 1201 1307 1256 Normanniam
1341 1218 1409 1256 cum

359 1288 472 1344 caeteris
503 1289 589 1344 terris
624 1287 836 1353 transmarinis,
869 1288 912 1342 ita
943 1288 1020 1360 quod
1052 1287 1108 1344 sibi
1125 1297 1300 1346 ⁴remaneret
1334 1288 1408 1345 inte·

359 1377 480 1448 gralitar
505 1368 667 1434 Vasconia.¹

403 1468 539 1524 Urbanus
571 1473 693 1539 quartus
716 1472 781 1536 post
813 1465 1011 1520 Alexandrum
1035 1467 1111 1522 sedit
1133 1468 1316 1540 papaannia
1349 1469 1410 1523 sere
1422 1475 1486 1540 Cap.
1500 1477 1540 1526 ³⁷.

307 1551 310 1558 ’
359 1556 412 1628 iiij.
459 1557 517 1612 Hic
540 1555 622 1629 prius
644 1555 780 1610 extiterat
811 1554 977 1626 patriarcha
1000 1555 1279 1628 Ierosolymitauus3
1304 1555 1409 1612 deinde

359 1645 467 1701 auxilio
510 1663 594 1700 eruce
640 1643 823 1714 signatorum
860 1644 976 1713 fugarit
1013 1647 1172 1700 exercitum
1210 1645 1408 1700 Romanorum

191 1741 335 1804 'fuyacct
361 1751 448 1806 quem
484 1733 653 1789 Manfredus
692 1732 721 1787 in
755 1732 963 1803 patrimonium
999 1733 1093 1788 sancti
1125 1733 1204 1788 Petri
1239 1734 1407 1789 intruserat.

190 1813 264 1860 ¹³⁴⁷·
360 1823 418 1878 Hic
444 1814 556 1879 etiam¹
586 1822 712 1876 contulit
743 1822 846 1876 Oarolo
880 1821 965 1875 fratri
1000 1823 1077 1892 regis
1115 1823 1247 1877 Francia
1285 1841 1409 1894 regnum

361 1913 480 1979 Sicilire,
497 1915 539 1967 ita
553 1902 608 1966 ut³
624 1911 817 1966 Mamfrcdum
840 1910 909 1965 inde
932 1910 1095 1982 expelleret.
1142 1911 1225 1981 Quod
1247 1919 1278 1967 ct
1300 1913 1409 1966 laeuum

362 2007 415 2058 est.
477 2003 519 2056 Ilo
550 2009 680 2072 tempore
710 1989 812 2070 apud⁴
843 1999 1042 2071 Theokysbiry
1066 2000 1184 2071 quidam
1207 2001 1328 2056 Judoeua
1359 2020 1411 2072 per

360 2091 436 2146 diem
462 2090 579 2145 Sabbati
614 2088 721 2145 cecidit
744 2089 775 2141 iu
808 2087 957 2152 latrinam,
992 2106 1047 2142 nee
1078 2089 1213 2160 permisit
1235 2108 1265 2145 ae
1296 2091 1409 2144 extrahi

359 2185 477 2251 propter
499 2171 661 2234 honorem¹¹
694 2176 813 2232 Sabbati
836 2176 888 2231 sui.
952 2176 1015 2245 Qua
1038 2178 1074 2233 de
1097 2196 1184 2233 causa
1207 2179 1350 2233 Ricarduu
1373 2180 1409 2232 dc

360 2269 445 2324 Clam
489 2287 584 2323 eomes
631 2265 795 2322 Gloverniae
835 2283 893 2320 uon
932 2266 1066 2337 permisit
1103 2286 1171 2322 eum
1209 2270 1322 2324 extrahi
1361 2269 1410 2322 die

358 2357 504 2413 dominica
538 2345 693 2427 sequenti⁶
723 2360 841 2426 propter
872 2356 1064 2410 reverentiam
1087 2356 1132 2410 sni
1165 2357 1283 2412 Sabbati
1307 2364 1337 2412 et
1368 2358 1410 2411 sic

358 2453 489 2502 mortuns
511 2451 563 2502 est.

403 2535 468 2591 Hoc
497 2553 575 2590 anuo
605 2533 722 2590 suborta
751 2521 820 2587 est¹
849 2522 1018 2588 discordia⁸
1052 2533 1131 2588 inter
1164 2551 1263 2604 regem
1290 2534 1408 2605 Anglice

360 2623 522 2680 Henrieum
545 2629 575 2679 et
597 2639 730 2694 proceres
752 2619 883 2690 ejusdem
907 2622 1248 2694 superordinationibus
1281 2624 1313 2677 in
1339 2642 1407 2695 pnr-

359 2713 499 2768 iiamento
523 2699 690 2776 ordinatis,⁹
712 2709 882 2766 constitutis
915 2729 969 2766 nec
1000 2717 1098 2765 tamen
1121 2713 1158 2766 ab
1181 2711 1245 2783 ipso
1266 2730 1334 2782 rege
1357 2713 1409 2766 ob·

359 2803 488 2859 serratie.
516 2803 601 2858 (lirca
616 2800 803 2856 nativitatem
819 2800 912 2854 sancti
923 2790 949 2828 ¹⁰
965 2800 985 2854 J
986 2797 1109 2855 ohannis
1125 2801 1266 2872 Baptistae
1279 2819 1409 2872 proceres

357 2891 474 2962 Angliaa
497 2893 665 2962 episcopum
689 2887 880 2954 Herelordioe,
904 2888 1031 2959 priorem
1047 2889 1197 2944 Wenoloei
1220 2895 1251 2944 et
1266 2892 1407 2961 quosdam

356 2980 429 3036 alios
467 2981 603 3052 praelatos
640 2979 818 3048 alienigenas
851 2979 883 3032 in
916 2978 1048 3033 custodia
1088 2985 1254 3044 tenuerunt,
1290 2985 1409 3034 coeteros

357 3086 426 3124 vero
448 3069 512 3140 regi
535 3068 753 3141 propinquiores
788 3066 824 3120 ab
847 3065 958 3136 Anglia
980 3067 1168 3137 fugaverunt,
1186 3085 1310 3138 quornm
1333 3069 1408 3122 bona

357 3146 599 3230 sumpserunt;¹¹
623 3155 729 3228 quibus
752 3154 788 3208 de
812 3155 906 3210 causis
928 3174 980 3210 rex
996 3156 1142 3212 Henricua
1164 3155 1252 3227 ejecit
1265 3158 1410 3212 universi-

358 3252 448 3302 tatem
480 3235 586 3304 cleri¹²
612 3245 649 3301 de
672 3244 794 3300 Oxonia.
838 3243 969 3298 Tandem
992 3263 1043 3300 rex
1066 3245 1213 3300 Henricus
1235 3251 1266 3301 ct
1287 3246 1409 3300 barones

357 3343 514 3407 posuerunt
537 3353 568 3391 se
590 3334 686 3406 quoad
708 3330 863 3405 praedictos
896 3333 1036 3389 articulos
1060 3333 1299 3402 inordinatione
1329 3335 1408 3404 regis

357 3425 500 3492 Francius,
524 3424 576 3496 qui
608 3441 708 3478 omnes
730 3421 870 3476 articulos
902 3423 1077 3493 reprobavit
1123 3424 1277 3494 Magnetes
1308 3431 1408 3479 tamen

358 3514 475 3584 Anglim
499 3519 596 3586 spreto
627 3511 692 3582 ejus
715 3510 909 3565 irrationabili
932 3511 1047 3568 decreto
1081 3513 1273 3585 perstiterunt
1296 3515 1326 3568 iu
1361 3513 1410 3568 in-

357 3593 478 3674 cepto.¹³
516 3603 728 3658 Convenientes
743 3599 835 3670 igitur
857 3617 989 3670 proceres
1004 3619 1081 3656 anno
1092 3591 1117 3630 ¹¹
1132 3603 1236 3672 gratiae
1260 3617 1407 3658 necamur.

357 3697 385 3746 et
400 3691 478 3763 regis
492 3690 584 3761 xlviij.
601 3691 651 3762 qui
675 3707 726 3762 per
735 3678 761 3717 ¹⁵
776 3687 910 3744 inducias
933 3690 1089 3761 praedictas
1103 3692 1307 3747 sustinuerunt
1326 3691 1406 3764 opud

386 3897 653 3905 -.—--.—.-.--.
703 3896 716 3901 -
733 3893 936 3902 -—-—-—-·—

389 4028 397 4060 ¹
415 4037 485 4080 terra
503 4029 646 4090 Vaecoaioe,
658 4027 734 4095 Higd.
939 4027 950 4059 ⁹
968 4029 1108 4096 ordinatis]
1122 4048 1173 4082 om.
1185 4032 1266 4098 Higd.

391 4109 402 4142 ²
413 4126 485 4174 papa
493 4109 577 4158 added
588 4107 651 4157 aiter
662 4105 855 4172 etiaruiulligd.
942 4105 962 4137 ¹⁰
977 4109 1073 4174 sandi]
1094 4110 1171 4171 beati,
1182 4111 1263 4176 Higd.

391 4187 457 4236 ’itu
470 4186 510 4252 at]
532 4184 653 4250 silligd.
939 4183 958 4216 ¹¹
976 4188 1147 4253 sumperunt]
1209 4202 1406 4255 occupaverunt,

389 4265 399 4297 ⁴
422 4264 576 4328 Tculrsbmp,
590 4263 667 4328 Higd.
908 4263 994 4326 llige,
1006 4265 1057 4312 aud
1068 4265 1111 4314 the
1122 4267 1257 4332 punning
1269 4273 1349 4320 words
1362 4288 1405 4320 ure

389 4343 399 4374 ⁸
415 4348 522 4408 propter
538 4341 670 4407 ienuam]
691 4342 724 4390 ob
742 4355 855 4391 reveren·
906 4349 951 4389 not
964 4339 989 4390 iu
1001 4343 1044 4390 the
1055 4357 1124 4393 same
1136 4346 1217 4395 order.

354 4421 424 4482 tiam,
436 4421 513 4486 lligd.
940 4419 960 4451 ¹¹
977 4418 1055 4484 cleri]
1074 4436 1124 4470 om.
1137 4422 1216 4486 Higd.

388 4501 398 4532 ¹
417 4499 544 4565 sequenti]
565 4515 615 4549 om.
629 4499 706 4564 Higd.
940 4496 960 4530 ¹⁸
976 4499 1088 4564 incepto]
1109 4499 1223 4565 inceptis,
1236 4503 1315 4568 lligd.

389 4578 399 4616 ῒ
417 4577 465 4643 est]
488 4592 537 4625 om.
550 4575 627 4640 Higd.
940 4574 959 4606 ¹⁴
976 4591 1045 4624 anuo
1064 4613 1071 4626 .
1089 4613 1095 4625 .
1115 4578 1237 4645 .211n'1·j.]
1256 4599 1307 4632 om.
1320 4583 1397 4650 iligd.

389 4657 530 4706 ⁸llereon
543 4653 605 4704 both
625 4653 736 4719 margins
752 4653 773 4702 in
788 4653 855 4704 orla
940 4653 960 4686 ¹⁸
976 4671 1025 4719 per
1057 4655 1190 4723 inducias]
1227 4662 1407 4729 providentias,

354 4740 391 4785 etl
410 4733 539 4784 discordia
563 4733 630 4781 inter
650 4748 731 4795 repen
753 4739 776 4781 el
794 4747 854 4795 pro·
905 4731 982 4798 Higa

354 4829 429 4863 cerer.
