3625 5784
604 895 873 944 narorsrauusrs
895 894 1104 943 onnomcou.
1323 881 1387 946 299

337 1100 450 1151 tactum
483 1095 582 1151 estin
605 1095 663 1151 fine
686 1094 774 1166 primi
797 1094 875 1161 libri,
900 1095 932 1150 in
955 1096 1035 1150 hunc
1067 1095 1195 1151 modum.
1238 1085 1388 1164 Quidaml

241 1247 245 1253 ,
338 1191 455 1241 sanctus
486 1185 657 1241 anachorita
691 1191 821 1256 tempore
864 1185 943 1255 regis
970 1185 1107 1255 Egelredi
1140 1184 1326 1256 prophetavit
1357 1184 1389 1239 in

337 1275 417 1329 huno
449 1274 568 1330 modum
602 1274 711 1339 diceus,
750 1274 843 1345 Angli
881 1274 951 1346 quia
985 1274 1157 1346 proditioni,
1191 1273 1325 1329 ebrietati
1359 1279 1389 1329 ot

337 1364 528 1435 negligentiae
574 1364 676 1419 domus
722 1364 769 1419 dei
807 1364 901 1419 dediti
939 1370 1018 1429 sunt,
1058 1364 1152 1435 primo
1191 1381 1242 1434 per
1281 1363 1388 1430 Dauos,

339 1453 444 1509 deinde
477 1472 529 1526 per
562 1454 757 1534 Normannos,
784 1454 872 1509 tortio
907 1472 959 1525 per
994 1454 1095 1509 Sontes
1128 1469 1199 1524 quos
1233 1452 1390 1529 vilissimos

339 1547 478 1613 reputant
510 1549 596 1598 eruut
628 1542 805 1599 conterendi.
851 1542 934 1597 Adeo
967 1543 1045 1615 quod
1077 1547 1148 1597 tune
1180 1542 1294 1597 varium
1329 1550 1392 1597 orat

340 1634 481 1699 seculum,
505 1638 539 1688 ut
560 1632 686 1688 varietas
709 1632 853 1687 mentium
876 1632 1053 1687 multimode
1076 1631 1202 1686 vestium
1230 1632 1392 1687 variatione

342 1721 517 1792 designetur.
563 1722 637 1777 Haeo
659 1711 724 1776 ibi.l

388 1813 538 1899 Cumque
571 1836 631 1879 rex
664 1814 848 1879 Edwardus
883 1815 932 1878 ita
963 1820 1050 1879 esset
1082 1836 1123 1879 ex
1157 1814 1269 1879 omnia
1301 1820 1394 1899 parte
1408 1826 1534 1903 ¹Proceen-

343 1921 522 2001 occupatus
545 1917 581 1979 in
604 1938 731 2001 guerra,
755 1914 869 1982 Scoti²
891 1923 1082 2003 proponunt
1115 1938 1148 1981 se
1184 1916 1322 1981 liberare
1355 1891 1558 2008 dc¹1¹‚¹„⁸¹,]i‘,',f,²h‘³

343 2018 546 2102 subjectione
562 2019 648 2103 regis
664 2018 828 2082 Edwardi.
877 2017 922 2081 Et
945 2018 1052 2103 primo
1078 2024 1258 2083 tenuerunt
1274 2018 1395 2104 parlia-
1410 2033 1480 2075 ment
1491 2033 1517 2075 tt

343 2126 492 2184 mentum
509 2142 606 2185 suum
621 2121 711 2207 apud
727 2120 842 2193 Scone,
857 2127 891 2185 et
906 2120 1146 2185 ordinaverunt
1162 2121 1219 2205 xij.
1235 2142 1331 2207 peres
1354 2120 1397 2185 ad
1410 2095 1503 2143 5⁰⁰¹*

342 2221 478 2284 modum
506 2221 717 2299 Francorum,
741 2220 867 2287 scilicet
902 2221 945 2286 iv.
983 2223 1159 2308 episcopeo,
1183 2223 1226 2287 iv.
1251 2224 1397 2300 comites

342 2327 376 2387 et
407 2324 451 2389 iv.
473 2324 621 2401 barones,
643 2324 692 2387 ita
715 2322 804 2408 quod
825 2322 955 2388 nullum
980 2324 1121 2387 arduum
1151 2326 1322 2411 negotium
1354 2326 1398 2389 sit

343 2425 468 2489 iactum
480 2424 551 2489 sine
563 2447 676 2490 corum
688 2446 846 2490 consensu
858 2448 865 2504 ;
880 2424 1053 2490 feceruut³
1066 2427 1165 2491 etiam
1177 2428 1240 2491 sibi
1252 2427 1398 2511 sigillum

343 2547 525 2591 commune.
571 2526 700 2591 Deinde
723 2526 885 2591 mandant
907 2532 1014 2592 certos
1036 2529 1174 2592 nuncios
1197 2550 1271 2591 cum
1294 2528 1399 2593 literis
1412 2535 1550 2585 Overtures

346 2629 580 2713 procuratoriis
603 2629 758 2715 sigillatis
793 2650 866 2693 curn
891 2629 998 2715 sigillo
1021 2630 1107 2715 regis
1131 2636 1164 2693 et
1187 2631 1290 2695 totius
1313 2652 1399 2695 com·
1413 2602 1534 2732 fflss}

346 2730 520 2795 munitatis
543 2731 716 2795 Scotorum
739 2732 783 2795 ad
814 2752 924 2816 regem
950 2730 1098 2795 Frenoiae
1128 2731 1314 2817 Philippum
1341 2754 1399 2817 pro
1413 2735 1559 2784 ornante.

175 2839 321 2902 Tuaen
348 2831 509 2897 affinitate
533 2832 683 2897 faciende
705 2831 793 2896 inter
824 2853 879 2896 eos
910 2838 1024 2895 contra
1055 2852 1164 2918 regem
1188 2832 1319 2919 Angliae
1342 2854 1401 2918 per

175 2908 252 2956 ²⁴⁷⁷·
348 2936 437 2998 viam
461 2934 628 3018 maritagii
652 2934 740 2998 inter
763 2933 961 2997 Edwardum
986 2932 1092 2997 filium
1127 2933 1291 2998 Johannis
1314 2934 1401 3019 regis

348 3034 468 3099 Scotiae
483 3039 518 3099 et
532 3034 696 3099 haeredem
710 3044 744 3097 et
759 3032 947 3097 dohannam
965 3032 1066 3097 filiam
1084 3032 1192 3099 Caroli
1211 3034 1251 3098 de
1268 3034 1401 3119 Waleys

346 3139 483 3203 fratrem
516 3137 663 3222 Philippi
695 3137 782 3223 regis
813 3136 970 3201 Franoiae.
1018 3136 1081 3201 Pro
1104 3158 1169 3221 qua
1192 3138 1401 3223 copulatione

348 3239 466 3304 Franci
496 3239 721 3324 promiserunt
745 3238 824 3303 dero
859 3239 931 3323 regi
955 3238 1074 3304 Scotiae
1099 3239 1221 3324 viginti
1254 3240 1400 3325 quinque

348 3333 454 3405 millia
486 3342 644 3406 librarum
684 3342 725 3405 de
764 3341 877 3426 parvis
912 3341 1168 3419 Turonensibus,
1205 3344 1254 3407 ite
1288 3348 1401 3408 tamen
1468 3338 1471 3342 ’

350 3445 437 3529 quod
461 3444 555 3530 ipsa⁴
577 3450 663 3509 esset
685 3444 801 3508 dotata
824 3443 939 3507 statim
964 3450 1039 3529 post
1070 3444 1335 3530 conjugationem
1368 3446 1403 3509 in

350 3546 440 3609 mille
478 3546 669 3631 quingentis
707 3544 801 3609 libris
833 3546 937 3608 annui
970 3546 1119 3611 redditus
1153 3547 1194 3611 de
1218 3547 1336 3633 Balyol
1369 3554 1403 3613 et

351 3646 392 3710 de
415 3648 511 3711 terris
530 3646 651 3712 Scotiae
670 3668 743 3731 quae
764 3666 832 3709 non
854 3651 934 3710 sunt
955 3648 1158 3732 pertinentes
1182 3650 1224 3713 ed
1243 3671 1403 3727 coronam,

351 3749 502 3812 tenendis
536 3750 580 3813 ad
612 3754 717 3813 totam
752 3746 881 3811 vitanr⁶
912 3748 1010 3813 diotre
1033 3749 1203 3815 dohannae.
1250 3751 1294 3815 Et
1315 3751 1404 3837 qnod
1417 3770 1550 3821 Tomeos

353 3872 410 3914 rex
452 3851 571 3917 Scotiae
606 3838 674 3915 non
713 3852 778 3914 iret
815 3849 950 3913 Terram
986 3858 1131 3917 sanctam
1166 3853 1236 3917 sine
1269 3854 1404 3919 consilio
1417 3839 1527 3955 ‘bigam‘

352 3953 438 4037 regie
472 3953 628 4029 Franciae,
665 3958 699 4017 et
729 3951 818 4037 quod
852 3956 980 4017 teneret
1003 3974 1078 4019 cum
1110 3954 1246 4021 Francis
1279 3962 1313 4020 et
1346 3977 1400 4020 eos
1417 3922 1529 4023 illinunt.

352 4051 479 4120 foveret
501 4056 537 4119 in
567 4055 720 4120 omnibus
744 4052 867 4117 finibus
890 4057 926 4117 et
948 4054 1094 4119 marchia
1117 4077 1174 4120 sua
1209 4078 1283 4121 cum
1314 4058 1403 4122 omni

351 4158 502 4242 potentia
524 4178 591 4221 suu
638 4157 684 4220 Et
714 4156 741 4219 si
773 4177 833 4220 rex
858 4154 989 4241 Angliae
1019 4156 1141 4221 bellum
1175 4158 1226 4221 vel
1252 4180 1404 4243 guerram

354 4265 504 4324 moveret
535 4263 651 4323 contra
679 4279 789 4344 regem
823 4255 953 4333 Scotiae,
984 4278 1043 4321 rex
1077 4259 1224 4324 Franciae
1256 4268 1405 4345 surgeret

352 4382 427 4427 cum
465 4381 504 4425 eo
542 4364 658 4425 contra
694 4360 804 4444 ipsum
843 4363 878 4422 et
916 4378 1028 4422 onmes
1066 4358 1158 4435 alios,
1197 4361 1271 4424 c'um
1315 4364 1405 4427 omni

774 4485 823 4491 -—-
1069 4488 1274 4494 --———-.-——
1283 4490 1393 4499 --—,-

387 4536 395 4569 ¹
417 4536 527 4595 Quidum
553 4571 559 4584 .
578 4572 584 4583 .
602 4570 609 4584 .
628 4571 634 4583 .
655 4533 720 4584 Huc
738 4532 787 4597 ia]
811 4538 857 4581 not
939 4532 1091 4596 ³secernat,
1104 4536 1155 4594 A.;
1165 4536 1296 4600 fecerant,
1308 4540 1363 4589 MS.

353 4613 380 4664 iu
393 4614 469 4679 Higd.
939 4613 950 4642 ⁴
967 4612 1036 4661 Here
1048 4627 1080 4662 on
1101 4613 1161 4662 both
1179 4614 1323 4678 marginis
1339 4618 1407 4668 Con-

387 4694 483 4747 ²Here
503 4708 537 4746 on
556 4692 618 4742 both
630 4691 742 4757 margins
763 4690 785 4740 is
798 4690 857 4739 Rex
907 4690 991 4739 ventio
1019 4691 1086 4740 inter
1114 4707 1194 4755 regem
1223 4692 1343 4743 Francioe
1382 4704 1407 4747 et

356 4773 450 4823 Sentio
474 4772 569 4822 recedit
594 4788 612 4824 a
629 4770 761 4835 fidelitate
789 4770 857 4834 regie
907 4784 989 4832 regem
1003 4769 1102 4819 Sentio.

355 4851 459 4916 Anglioe
470 4868 535 4902 anno
546 4852 639 4919 qratia
651 4854 717 4909 taso
730 4852 776 4913 (au
787 4863 858 4901 error
941 4849 952 4883 ὅ
968 4848 1057 4920 vitam]
1079 4848 1175 4909 written
1198 4852 1271 4903 twice
1291 4870 1352 4906 orer
1379 4856 1406 4915 iu

356 4932 396 4990 fot
408 4933 457 4993 499
474 4932 497 4994 lt
848 4934 853 4943 Ι
909 4926 963 4983 MS·
