3625 5784
452 852 516 914 142
800 861 946 908 usuuros
971 859 1152 908 surosrou

452 1074 524 1112 num
558 1055 693 1128 gloriam,
728 1054 766 1110 ad
801 1051 1000 1111 conversionis
1031 1052 1228 1119 tolerantiam,
1262 1052 1300 1108 sd
1343 1049 1508 1110 devotionis

451 1146 670 1218 experientiam,
705 1143 863 1216 septimum
894 1160 964 1200 vero
995 1142 1121 1198 lustrum
1151 1148 1294 1214 tanquam
1326 1141 1448 1214 reprobo
1478 1147 1509 1198 et

451 1235 568 1306 ingrato
591 1235 738 1290 inflictum
760 1240 806 1290 est
828 1234 865 1288 ad
886 1231 1066 1300 vindictam
1090 1232 1218 1288 seeundo
1240 1249 1368 1303 namque
1390 1230 1507 1303 septimi

451 1325 538 1380 lustri
559 1343 637 1380 auno
660 1323 781 1380 evanuit
812 1327 934 1379 conatus
957 1320 1030 1392 ejus,
1053 1339 1140 1393 quern
1171 1321 1249 1378 eirca
1271 1320 1418 1377 Jobannis
1450 1320 1506 1376 filii

451 1416 498 1470 sui
521 1414 553 1468 in
576 1413 750 1470 Hiberniam
771 1413 940 1468 missionem
964 1411 1087 1484 paravit.
1133 1411 1232 1467 Tertio
1255 1429 1334 1468 anuo
1350 1410 1400 1483 qui
1422 1429 1504 1465 nun·

451 1521 539 1574 quem
562 1504 643 1575 prius
665 1503 822 1575 quicquam
837 1501 984 1566 amiserat,
1006 1499 1068 1572 jam
1090 1499 1263 1556 Ali-orniam
1277 1506 1381 1558 contra
1402 1517 1502 1572 regem

451 1592 583 1650 Francia
628 1591 766 1665 perdidit,
813 1596 917 1665 quarto
954 1608 1031 1647 anno
1069 1589 1242 1658 Bituricam,
1289 1589 1392 1662 quinto
1429 1607 1506 1646 anno

451 1682 537 1738 urbes
560 1681 806 1739 Oenomannioam
835 1686 867 1738 et
888 1681 1087 1738 Turoneneem
1110 1697 1176 1736 oum
1200 1679 1328 1736 castellis
1351 1679 1453 1735 multis
1475 1683 1507 1735 et

451 1771 586 1844 seipsum,
634 1771 833 1828 Oonsueverat
863 1787 978 1842 qnoque
1000 1789 1053 1827 rex
1084 1769 1140 1825 iste
1171 1770 1324 1840 religiosos
1357 1769 1505 1843 episcopos

451 1862 489 1917 ed
526 1861 670 1933 colloquia
704 1879 757 1918 sua
790 1860 879 1916 etium
914 1860 946 1915 in
980 1859 1185 1916 transmarinis
1227 1859 1360 1932 pontibus
1400 1864 1430 1916 et
1471 1858 1504 1913 in

450 1940 572 2006 arduis¹
595 1949 722 2022 negotiis
744 1967 843 2007 secum
865 1949 1091 2015 oneumduoere,
1115 1953 1267 2005 eteorum
1290 1949 1384 2021 magis
1415 1965 1504 2020 qnam

451 2039 581 2096 militum
618 2039 750 2097 consiliis
787 2039 842 2095 uti.
897 2038 982 2108 Quod
1019 2045 1049 2096 et
1087 2039 1158 2095 fouit
1195 2039 1306 2111 duplici
1341 2038 1377 2095 de
1407 2055 1502 2096 causa.

450 2129 559 2195 Primo,
598 2135 632 2184 nt
678 2129 761 2185 ouria
797 2147 851 2186 sua
897 2127 1122 2186 adventantibus
1169 2128 1275 2200 legatis
1311 2128 1504 2186 venerabilior

450 2223 610 2290 appareret
648 2219 792 2276 Secundo
829 2218 900 2291 quia
937 2219 1017 2290 prius
1056 2235 1170 2290 semper
1201 2235 1302 2290 paoem
1339 2217 1503 2290 temptabat

451 2325 538 2379 quam
560 2327 660 2377 arma3
684 2308 790 2364 ieeiroo
805 2296 903 2364 tales²
919 2325 987 2363 oum
1009 2307 1173 2379 adjectione
1195 2307 1327 2380 pecuniae
1343 2325 1409 2364 suos
1432 2306 1502 2363 fecit

450 2397 633 2454 mediatores.
678 2399 790 2456 Verum
823 2397 893 2470 quia
915 2397 1126 2454 ecclesiasticas
1148 2397 1308 2467 dignitates
1331 2386 1501 2470 aliquibus³

450 2487 581 2558 indignis
603 2487 777 2553 contulerat,
799 2492 835 2543 ut
864 2488 972 2544 famam
996 2505 1077 2544 suam
1101 2486 1313 2558 quodammodo
1335 2487 1500 2555 redimeret,

450 2577 660 2650 Baidewynnm
676 2567 901 2634 Oisterciensis⁴
923 2576 1034 2633 ordinis
1057 2578 1233 2634 menaehem
1254 2576 1292 2632 ad
1307 2574 1500 2633 (iantuariem

449 2683 511 2721 sem
545 2667 652 2733 sedem,
684 2672 714 2724 et
744 2667 902 2738 Erigonem
934 2665 1127 2722 Oartnsiensis
1161 2665 1272 2722 ordinis
1305 2665 1430 2738 priorem
1462 2668 1499 2723 ad
1512 2667 1658 2733 ‘svmens

449 2756 547 2812 sedem
570 2756 805 2813 Lineolnieusem
827 2755 982 2829 promovit.
1028 2757 1091 2812 Hos
1114 2757 1186 2812 duos
1220 2757 1304 2828 quasi
1326 2773 1440 2829 semper
1461 2738 1585 2814 ad²³⁹³·

449 2847 571 2902 consilia
608 2845 749 2902 adhibuit.
795 2847 838 2902 Ut
874 2851 973 2902 autem
1010 2846 1102 2902 lector
1138 2844 1292 2918 quisquam
1326 2851 1387 2902 tam
1420 2846 1498 2918 regis

449 2935 538 3006 hujus
561 2953 649 3007 quam
682 2935 810 2991 filiorum
832 2953 951 2991 snorum
985 2933 1126 2990 infaustos
1150 2935 1246 2991 exitus
1280 2935 1378 2992 minus
1400 2936 1499 2992 obstu-

451 3031 530 3097 peat,
569 3025 768 3082 consideretur
800 3024 883 3096 origo
918 3025 996 3096 regis
1033 3023 1122 3095 hujus
1159 3015 1306 3081 Ηοηηίοἰὕ
1344 3044 1379 3082 ex
1416 3032 1499 3098 purte

449 3114 603 3186 utriusque
624 3113 766 3186 parentis,
789 3133 904 3170 necnon
927 3113 1025 3170 uxoris
1047 3131 1108 3171 suae
1134 3113 1263 3171 conditio
1286 3115 1322 3170 de
1345 3134 1402 3187 qua
1423 3117 1501 3172 filios

449 3204 611 3260 suscitavit
657 3202 814 3260 Oomitissa
845 3203 981 3276 quaedam
1002 3203 1193 3276 Andegevise,
1217 3205 1254 3259 de
1285 3203 1368 3277 cujus
1403 3206 1500 3262 sobole

449 3292 598 3348 Galfridus
630 3293 824 3363 Plantegenet
854 3292 1005 3366 prooessit,
1029 3293 1066 3350 ob
1100 3295 1191 3350 solam
1214 3295 1341 3365 corporis
1373 3295 1498 3367 speciem

447 3382 545 3436 fuerat
567 3382 759 3454 desponsata:
782 3399 848 3438 raro
882 3387 982 3438 tamen
1005 3382 1043 3437 ad
1065 3382 1216 3440 ecclesiam
1241 3385 1371 3451 sesessit,
1395 3383 1445 3440 sed
1468 3391 1499 3442 et

447 3475 520 3526 tune
543 3472 594 3526 six
616 3489 708 3543 usque
730 3471 769 3527 ad
783 3477 894 3528 secreta
916 3472 1014 3528 missae
1039 3490 1151 3529 moram
1166 3473 1298 3530 faciebat
1344 3474 1409 3530 Hoc
1426 3474 1498 3529 dnm

447 3577 466 3615 a
488 3560 595 3617 comite
617 3560 723 3618 marito
746 3579 798 3616 suo
830 3566 993 3630 notaretur,
1017 3561 1064 3619 die
1099 3563 1224 3635 quadum
1247 3563 1366 3620 detenta
1399 3569 1443 3620 est
1465 3563 1497 3619 in

447 3649 569 3706 ecelesia
590 3668 608 3705 a
641 3648 695 3722 iiij.
730 3650 895 3718 militibns;
920 3656 951 3708 at
985 3652 1037 3708 illa
1070 3650 1178 3723 rejecto
1213 3652 1302 3725 pallio
1336 3671 1388 3726 per
1419 3653 1497 3726 qnod

447 3739 612 3806 tenebatur,
650 3740 818 3813 relictisque
855 3740 965 3796 ibidem
997 3741 1110 3797 duobus
1143 3741 1212 3798 filiis
1246 3743 1305 3798 suis
1337 3761 1409 3814 quos
1443 3744 1498 3800 snb

448 3828 549 3884 dextro
579 3829 689 3900 angulo
712 3829 795 3902 pallii
817 3835 890 3886 tnnc
911 3830 1028 3887 fovebat
1051 3849 1118 3888 enm
1141 3832 1261 3904 reliquis
1293 3832 1405 3888 duobus
1427 3832 1498 3889 filiis

448 3917 508 3972 suis
547 3936 618 3990 quos
650 3920 689 3974 ad
725 3918 875 3976 amictuum
913 3920 1041 3987 tenebat,
1080 3939 1133 3994 per
1172 3922 1329 3978 fenestram
1367 3923 1497 3979 eeclesia

448 4007 562 4064 cuncus
583 4008 765 4065 intuentibus
799 4009 937 4077 evolavit,
960 4028 1015 4066 nec
1038 4029 1161 4082 usquam
1193 4009 1364 4083 comperuit.
1411 4011 1497 4067 Istud

446 4097 632 4169 postmodum
667 4098 810 4154 Ricardus
840 4117 891 4155 rex
922 4099 1041 4171 Angliae
1072 4101 1179 4157 referre
1213 4101 1331 4167 solebat,
1356 4117 1496 4166 asserens,

445 4204 506 4242 non
535 4204 597 4243 esse
627 4187 794 4244 mirandum
824 4188 851 4244 si
882 4189 918 4244 de
951 4189 1005 4244 toli
1037 4207 1143 4260 genere
1176 4191 1364 4262 procedentes
1394 4197 1497 4247 mutuo

445 4293 507 4332 sese
528 4277 670 4334 infestent
691 4283 830 4350 tanquam
854 4279 891 4334 de
913 4278 1028 4335 diabolo
1050 4279 1201 4337 venientes
1223 4285 1254 4336 et
1287 4280 1325 4338 ad
1347 4279 1497 4336 diabolum

444 4445 512 4456 -n-
805 4447 892 4455 .-—.

475 4541 488 4580 ²
503 4546 622 4606 Martiis,
633 4545 711 4613 Higd.
1026 4549 1037 4580 ⁴
1058 4548 1237 4600 Cieeatreneem
1256 4549 1278 4600 is
1297 4550 1358 4602 here
1370 4552 1450 4602 added
1471 4550 1499 4600 iu

474 4624 486 4656 ²
502 4625 576 4686 tales,
588 4623 733 4679 omittedin
749 4640 820 4676 some
830 4627 903 4677 MSS.
917 4625 947 4675 of
996 4643 1066 4678 some
1077 4629 1153 4680 Mss.
1174 4629 1203 4680 of
1218 4627 1306 4696 fligd,
1326 4631 1373 4679 but
1393 4630 1499 4681 omitted

440 4703 518 4771 Higd
998 4705 1025 4756 in
1039 4707 1132 4758 others.

474 4781 486 4814 ⁸
502 4781 650 4846 οἶὶφιοηάο,
661 4781 740 4849 Higd.
1031 4782 1042 4815 ⁵
1059 4784 1180 4850 Hearici,
1190 4801 1240 4837 om.
1253 4785 1332 4854 ffigd.
