<?xml version="1.0" encoding="UTF-8"?>
<!DOCTYPE html PUBLIC "-//W3C//DTD XHTML 1.0 Transitional//EN"
    "http://www.w3.org/TR/xhtml1/DTD/xhtml1-transitional.dtd">
<html xmlns="http://www.w3.org/1999/xhtml" xml:lang="en" lang="en">
 <head>
  <title>
</title>
<meta http-equiv="Content-Type" content="text/html;charset=utf-8" />
  <meta name='ocr-system' content='tesseract 3.04.00' />
  <meta name='ocr-capabilities' content='ocr_page ocr_carea ocr_par ocr_line ocrx_word'/>
</head>
<body>
  <div class='ocr_page' id='page_1' title='image "./chroniconhenric00lumbgoog_0459.png"; bbox 0 0 3625 5784; ppageno 0'>
   <div class='ocr_carea' id='block_1_1' title="bbox 455 932 1295 995">
    <p class='ocr_par' dir='ltr' id='par_1_1' title="bbox 455 932 1295 995">
     <span class='ocr_line' id='line_1_1' title="bbox 455 932 1295 995; baseline -0.004 -2"><span class='ocrx_word' id='word_1_1' title='bbox 455 932 520 995; x_wconf 78' lang='lat'>436</span> <span class='ocrx_word' id='word_1_2' title='bbox 805 942 952 993; x_wconf 78' lang='lat' dir='ltr'>nurmcl</span> <span class='ocrx_word' id='word_1_3' title='bbox 977 942 1157 993; x_wconf 79' lang='grc'><strong>1111111111·</strong></span> <span class='ocrx_word' id='word_1_4' title='bbox 1291 942 1295 949; x_wconf 93' lang='grc'><em>·</em></span> 
     </span>
    </p>
   </div>
   <div class='ocr_carea' id='block_1_2' title="bbox 283 1129 1514 4448">
    <p class='ocr_par' dir='ltr' id='par_1_2' title="bbox 456 1129 1506 1217">
     <span class='ocr_line' id='line_1_2' title="bbox 456 1129 1506 1217; baseline -0.006 -22"><span class='ocrx_word' id='word_1_5' title='bbox 456 1129 605 1211; x_wconf 79' lang='lat' dir='ltr'>cambris,</span> <span class='ocrx_word' id='word_1_6' title='bbox 636 1136 675 1196; x_wconf 93' lang='lat' dir='ltr'>ut</span> <span class='ocrx_word' id='word_1_7' title='bbox 705 1132 932 1217; x_wconf 86' lang='lat' dir='ltr'>supradictum</span> <span class='ocrx_word' id='word_1_8' title='bbox 964 1136 1023 1209; x_wconf 88' lang='lat' dir='ltr'>est,</span> <span class='ocrx_word' id='word_1_9' title='bbox 1049 1150 1138 1194; x_wconf 91' lang='lat' dir='ltr'>anno</span> <span class='ocrx_word' id='word_1_10' title='bbox 1166 1129 1284 1216; x_wconf 84' lang='lat' dir='ltr'>gratiae</span> <span class='ocrx_word' id='word_1_11' title='bbox 1315 1142 1506 1191; x_wconf 70' lang='lat' dir='ltr'>mcccxxvr.</span> 
     </span>
    </p>

    <p class='ocr_par' dir='ltr' id='par_1_3' title="bbox 283 1228 1509 1726">
     <span class='ocr_line' id='line_1_3' title="bbox 313 1228 1509 1319; baseline -0.01 -17"><span class='ocrx_word' id='word_1_12' title='bbox 313 1252 319 1263; x_wconf 92' lang='grc'><em>“</em></span> <span class='ocrx_word' id='word_1_13' title='bbox 366 1252 419 1302; x_wconf 75' lang='lat' dir='ltr'>Eu·</span> <span class='ocrx_word' id='word_1_14' title='bbox 457 1237 492 1297; x_wconf 91' lang='lat' dir='ltr'>et</span> <span class='ocrx_word' id='word_1_15' title='bbox 529 1254 604 1298; x_wconf 87' lang='lat' dir='ltr'>cum</span> <span class='ocrx_word' id='word_1_16' title='bbox 642 1254 682 1297; x_wconf 95' lang='lat' dir='ltr'>eo</span> <span class='ocrx_word' id='word_1_17' title='bbox 719 1233 820 1319; x_wconf 86' lang='lat' dir='ltr'>Hugo</span> <span class='ocrx_word' id='word_1_18' title='bbox 865 1232 1084 1319; x_wconf 90' lang='lat' dir='ltr'>Dispensator</span> <span class='ocrx_word' id='word_1_19' title='bbox 1116 1231 1241 1316; x_wconf 89' lang='lat' dir='ltr'>junior,</span> <span class='ocrx_word' id='word_1_20' title='bbox 1279 1235 1313 1293; x_wconf 88' lang='lat' dir='ltr'>et</span> <span class='ocrx_word' id='word_1_21' title='bbox 1352 1228 1509 1317; x_wconf 86' lang='lat' dir='ltr'>magister</span> 
     </span>
     <span class='ocr_line' id='line_1_4' title="bbox 285 1320 1509 1451; baseline -0.006 -52"><span class='ocrx_word' id='word_1_22' title='bbox 285 1320 625 1451; x_wconf 50' lang='lat' dir='ltr'>theyofigerffibffllm</span> <span class='ocrx_word' id='word_1_23' title='bbox 646 1334 688 1399; x_wconf 92' lang='lat' dir='ltr'>de</span> <span class='ocrx_word' id='word_1_24' title='bbox 719 1333 842 1399; x_wconf 86' lang='lat' dir='ltr'>Baldoe</span> <span class='ocrx_word' id='word_1_25' title='bbox 872 1332 1087 1399; x_wconf 88' lang='lat' dir='ltr'>cancellarius</span> <span class='ocrx_word' id='word_1_26' title='bbox 1117 1353 1205 1397; x_wconf 92' lang='lat' dir='ltr'>suus.</span> <span class='ocrx_word' id='word_1_27' title='bbox 1260 1330 1333 1395; x_wconf 86' lang='lat' dir='ltr'>Rex</span> <span class='ocrx_word' id='word_1_28' title='bbox 1365 1328 1509 1394; x_wconf 85' lang='lat' dir='ltr'>traditus</span> 
     </span>
     <span class='ocr_line' id='line_1_5' title="bbox 285 1428 1509 1515; baseline -0.007 -12"><span class='ocrx_word' id='word_1_29' title='bbox 285 1452 432 1515; x_wconf 67' lang='lat' dir='ltr'>nepem</span> <span class='ocrx_word' id='word_1_30' title='bbox 457 1441 508 1501; x_wconf 86' lang='lat' dir='ltr'>est</span> <span class='ocrx_word' id='word_1_31' title='bbox 545 1436 581 1501; x_wconf 91' lang='lat' dir='ltr'>in</span> <span class='ocrx_word' id='word_1_32' title='bbox 618 1435 802 1501; x_wconf 75' lang='lat' dir='ltr'><strong>custodiam</strong></span> <span class='ocrx_word' id='word_1_33' title='bbox 837 1436 974 1501; x_wconf 86' lang='lat' dir='ltr'>Henrici</span> <span class='ocrx_word' id='word_1_34' title='bbox 1007 1434 1136 1501; x_wconf 88' lang='lat' dir='ltr'>comitis</span> <span class='ocrx_word' id='word_1_35' title='bbox 1168 1431 1377 1498; x_wconf 82' lang='lat' dir='ltr'>Laneustriae.</span> <span class='ocrx_word' id='word_1_36' title='bbox 1432 1428 1509 1496; x_wconf 86' lang='lat' dir='ltr'>Cito</span> 
     </span>
     <span class='ocr_line' id='line_1_6' title="bbox 283 1518 1508 1635; baseline -0.006 -31"><span class='ocrx_word' id='word_1_37' title='bbox 283 1518 427 1635; x_wconf 41' lang='lat' dir='ltr'>mid·</span> <span class='ocrx_word' id='word_1_38' title='bbox 458 1542 533 1625; x_wconf 87' lang='lat' dir='ltr'>post</span> <span class='ocrx_word' id='word_1_39' title='bbox 563 1543 680 1624; x_wconf 82' lang='lat' dir='ltr'>captus</span> <span class='ocrx_word' id='word_1_40' title='bbox 711 1543 762 1603; x_wconf 89' lang='lat' dir='ltr'>est</span> <span class='ocrx_word' id='word_1_41' title='bbox 792 1537 945 1601; x_wconf 89' lang='lat' dir='ltr'>dominus</span> <span class='ocrx_word' id='word_1_42' title='bbox 981 1535 1176 1600; x_wconf 84' lang='lat' dir='ltr'>Edmundus</span> <span class='ocrx_word' id='word_1_43' title='bbox 1199 1556 1306 1600; x_wconf 90' lang='lat' dir='ltr'>comes</span> <span class='ocrx_word' id='word_1_44' title='bbox 1329 1532 1369 1597; x_wconf 90' lang='lat' dir='ltr'>de</span> <span class='ocrx_word' id='word_1_45' title='bbox 1400 1532 1508 1597; x_wconf 81' lang='lat' dir='ltr'>Arun·</span> 
     </span>
     <span class='ocr_line' id='line_1_7' title="bbox 458 1632 1509 1726; baseline -0.005 -23"><span class='ocrx_word' id='word_1_46' title='bbox 458 1640 525 1705; x_wconf 91' lang='lat' dir='ltr'>dell</span> <span class='ocrx_word' id='word_1_47' title='bbox 547 1661 608 1726; x_wconf 90' lang='lat' dir='ltr'>per</span> <span class='ocrx_word' id='word_1_48' title='bbox 630 1638 799 1704; x_wconf 90' lang='lat' dir='ltr'>dominum</span> <span class='ocrx_word' id='word_1_49' title='bbox 823 1637 1012 1703; x_wconf 84' lang='lat' dir='ltr'>Johannem</span> <span class='ocrx_word' id='word_1_50' title='bbox 1035 1638 1075 1703; x_wconf 91' lang='lat' dir='ltr'>de</span> <span class='ocrx_word' id='word_1_51' title='bbox 1103 1637 1284 1702; x_wconf 84' lang='lat' dir='ltr'>Charleton</span> <span class='ocrx_word' id='word_1_52' title='bbox 1308 1635 1343 1699; x_wconf 90' lang='lat' dir='ltr'>in</span> <span class='ocrx_word' id='word_1_53' title='bbox 1367 1632 1509 1720; x_wconf 86' lang='lat' dir='ltr'>Schrop·</span> 
     </span>
    </p>

    <p class='ocr_par' dir='ltr' id='par_1_4' title="bbox 455 1738 1510 1931">
     <span class='ocr_line' id='line_1_8' title="bbox 457 1738 1508 1827; baseline -0.004 -22"><span class='ocrx_word' id='word_1_54' title='bbox 457 1741 565 1827; x_wconf 88' lang='lat' dir='ltr'>shyre‚</span> <span class='ocrx_word' id='word_1_55' title='bbox 592 1748 627 1807; x_wconf 89' lang='lat' dir='ltr'>et</span> <span class='ocrx_word' id='word_1_56' title='bbox 661 1742 781 1806; x_wconf 91' lang='lat' dir='ltr'>ductus</span> <span class='ocrx_word' id='word_1_57' title='bbox 811 1746 862 1805; x_wconf 89' lang='lat' dir='ltr'>est</span> <span class='ocrx_word' id='word_1_58' title='bbox 892 1739 982 1826; x_wconf 90' lang='lat' dir='ltr'>apud</span> <span class='ocrx_word' id='word_1_59' title='bbox 1014 1738 1162 1805; x_wconf 82' lang='lat' dir='ltr'>Heriord</span> <span class='ocrx_word' id='word_1_60' title='bbox 1200 1738 1258 1803; x_wconf 93' lang='lat' dir='ltr'>ubi</span> <span class='ocrx_word' id='word_1_61' title='bbox 1289 1738 1404 1824; x_wconf 82' lang='lat' dir='ltr'>regina</span> <span class='ocrx_word' id='word_1_62' title='bbox 1434 1757 1508 1801; x_wconf 88' lang='lat' dir='ltr'>eum</span> 
     </span>
     <span class='ocr_line' id='line_1_9' title="bbox 455 1838 1510 1931; baseline -0.004 -25"><span class='ocrx_word' id='word_1_63' title='bbox 455 1842 668 1931; x_wconf 85' lang='lat' dir='ltr'>magnatibus</span> <span class='ocrx_word' id='word_1_64' title='bbox 690 1842 784 1930; x_wconf 84' lang='lat' dir='ltr'>regni</span> <span class='ocrx_word' id='word_1_65' title='bbox 807 1845 1037 1929; x_wconf 85' lang='lat' dir='ltr'>convenerant.</span> <span class='ocrx_word' id='word_1_66' title='bbox 1084 1841 1128 1906; x_wconf 86' lang='lat' dir='ltr'>Et</span> <span class='ocrx_word' id='word_1_67' title='bbox 1144 1840 1222 1926; x_wconf 80' lang='lat' dir='ltr'>quia</span> <span class='ocrx_word' id='word_1_68' title='bbox 1244 1839 1381 1905; x_wconf 78' lang='lat' dir='ltr'>dederat</span> <span class='ocrx_word' id='word_1_69' title='bbox 1403 1838 1510 1903; x_wconf 89' lang='lat' dir='ltr'>filium</span> 
     </span>
    </p>

    <p class='ocr_par' dir='ltr' id='par_1_5' title="bbox 456 1941 1511 2031">
     <span class='ocr_line' id='line_1_10' title="bbox 456 1941 1511 2031; baseline -0.003 -23"><span class='ocrx_word' id='word_1_70' title='bbox 456 1965 553 2009; x_wconf 89' lang='lat' dir='ltr'>suum</span> <span class='ocrx_word' id='word_1_71' title='bbox 576 1943 739 2009; x_wconf 74' lang='lat' dir='ltr'>haeredem</span> <span class='ocrx_word' id='word_1_72' title='bbox 762 1943 840 2008; x_wconf 84' lang='lat' dir='ltr'>filiae</span> <span class='ocrx_word' id='word_1_73' title='bbox 863 1942 1018 2031; x_wconf 87' lang='lat' dir='ltr'>Hugonis</span> <span class='ocrx_word' id='word_1_74' title='bbox 1043 1941 1286 2028; x_wconf 72' lang='lat' dir='ltr'>Dispensatoris</span> <span class='ocrx_word' id='word_1_75' title='bbox 1309 1944 1343 2005; x_wconf 92' lang='lat' dir='ltr'>et</span> <span class='ocrx_word' id='word_1_76' title='bbox 1365 1947 1511 2006; x_wconf 87' lang='lat' dir='ltr'>secretus</span> 
     </span>
    </p>

    <p class='ocr_par' dir='ltr' id='par_1_6' title="bbox 457 2042 1511 2131">
     <span class='ocr_line' id='line_1_11' title="bbox 457 2042 1511 2131; baseline 0 -22"><span class='ocrx_word' id='word_1_77' title='bbox 457 2045 571 2129; x_wconf 89' lang='lat' dir='ltr'>[erat]¹</span> <span class='ocrx_word' id='word_1_78' title='bbox 587 2045 623 2108; x_wconf 92' lang='lat' dir='ltr'>in</span> <span class='ocrx_word' id='word_1_79' title='bbox 638 2044 774 2110; x_wconf 89' lang='lat' dir='ltr'>consilio</span> <span class='ocrx_word' id='word_1_80' title='bbox 789 2050 824 2110; x_wconf 90' lang='lat' dir='ltr'>et</span> <span class='ocrx_word' id='word_1_81' title='bbox 838 2045 963 2109; x_wconf 91' lang='lat' dir='ltr'>malum</span> <span class='ocrx_word' id='word_1_82' title='bbox 980 2049 1215 2131; x_wconf 76' lang='lat' dir='ltr'>procuraverat</span> <span class='ocrx_word' id='word_1_83' title='bbox 1231 2043 1354 2131; x_wconf 83' lang='lat' dir='ltr'>reginae</span> <span class='ocrx_word' id='word_1_84' title='bbox 1369 2048 1409 2107; x_wconf 93' lang='lat' dir='ltr'>ut</span> <span class='ocrx_word' id='word_1_85' title='bbox 1424 2042 1511 2109; x_wconf 83' lang='lat' dir='ltr'>diee-</span> 
     </span>
    </p>

    <p class='ocr_par' dir='ltr' id='par_1_7' title="bbox 456 2146 1509 2231">
     <span class='ocr_line' id='line_1_12' title="bbox 456 2146 1509 2231; baseline -0.002 -20"><span class='ocrx_word' id='word_1_86' title='bbox 456 2146 557 2211; x_wconf 91' lang='lat' dir='ltr'>batur</span> <span class='ocrx_word' id='word_1_87' title='bbox 579 2146 615 2209; x_wconf 92' lang='lat' dir='ltr'>in</span> <span class='ocrx_word' id='word_1_88' title='bbox 637 2167 699 2211; x_wconf 89' lang='lat' dir='ltr'>sua</span> <span class='ocrx_word' id='word_1_89' title='bbox 720 2146 881 2225; x_wconf 88' lang='lat' dir='ltr'>absentia,</span> <span class='ocrx_word' id='word_1_90' title='bbox 903 2149 939 2211; x_wconf 87' lang='lat' dir='ltr'>et</span> <span class='ocrx_word' id='word_1_91' title='bbox 969 2146 1071 2211; x_wconf 89' lang='lat' dir='ltr'>etiam</span> <span class='ocrx_word' id='word_1_92' title='bbox 1102 2150 1339 2231; x_wconf 81' lang='lat' dir='ltr'>procuraverat</span> <span class='ocrx_word' id='word_1_93' title='bbox 1369 2150 1509 2209; x_wconf 88' lang='lat' dir='ltr'>mortem</span> 
     </span>
    </p>

    <p class='ocr_par' dir='ltr' id='par_1_8' title="bbox 456 2246 1511 2324">
     <span class='ocr_line' id='line_1_13' title="bbox 456 2246 1511 2324; baseline -0.001 -12"><span class='ocrx_word' id='word_1_94' title='bbox 456 2248 577 2313; x_wconf 89' lang='lat' dir='ltr'>nobilis</span> <span class='ocrx_word' id='word_1_95' title='bbox 591 2248 722 2314; x_wconf 90' lang='lat' dir='ltr'>comitis</span> <span class='ocrx_word' id='word_1_96' title='bbox 742 2248 943 2313; x_wconf 85' lang='lat' dir='ltr'>Lancastriae</span> <span class='ocrx_word' id='word_1_97' title='bbox 957 2246 1101 2324; x_wconf 79' lang='lat' dir='ltr'>Thomae,</span> <span class='ocrx_word' id='word_1_98' title='bbox 1120 2268 1194 2312; x_wconf 92' lang='lat' dir='ltr'>cum</span> <span class='ocrx_word' id='word_1_99' title='bbox 1211 2246 1345 2312; x_wconf 91' lang='lat' dir='ltr'>domino</span> <span class='ocrx_word' id='word_1_100' title='bbox 1369 2246 1511 2311; x_wconf 79' lang='lat' dir='ltr'>Omero²</span> 
     </span>
    </p>

    <p class='ocr_par' dir='ltr' id='par_1_9' title="bbox 456 2347 1512 2434">
     <span class='ocr_line' id='line_1_14' title="bbox 456 2347 1512 2434; baseline -0.002 -19"><span class='ocrx_word' id='word_1_101' title='bbox 456 2350 497 2415; x_wconf 92' lang='lat' dir='ltr'>de</span> <span class='ocrx_word' id='word_1_102' title='bbox 520 2349 685 2414; x_wconf 87' lang='lat' dir='ltr'>Valenciis</span> <span class='ocrx_word' id='word_1_103' title='bbox 708 2350 827 2415; x_wconf 82' lang='lat' dir='ltr'>comite</span> <span class='ocrx_word' id='word_1_104' title='bbox 850 2349 891 2414; x_wconf 91' lang='lat' dir='ltr'>de</span> <span class='ocrx_word' id='word_1_105' title='bbox 914 2347 1061 2414; x_wconf 83' lang='lat' dir='ltr'>Penbroc</span> <span class='ocrx_word' id='word_1_106' title='bbox 1083 2349 1140 2434; x_wconf 94' lang='lat' dir='ltr'>qui</span> <span class='ocrx_word' id='word_1_107' title='bbox 1171 2348 1282 2413; x_wconf 88' lang='lat' dir='ltr'>subito</span> <span class='ocrx_word' id='word_1_108' title='bbox 1308 2347 1512 2413; x_wconf 85' lang='lat' dir='ltr'>moriebatur</span> 
     </span>
    </p>

    <p class='ocr_par' dir='ltr' id='par_1_10' title="bbox 458 2449 1510 2743">
     <span class='ocr_line' id='line_1_15' title="bbox 458 2449 1510 2539; baseline -0.001 -24"><span class='ocrx_word' id='word_1_109' title='bbox 458 2454 494 2515; x_wconf 94' lang='lat' dir='ltr'>in</span> <span class='ocrx_word' id='word_1_110' title='bbox 516 2451 747 2518; x_wconf 80' lang='lat' dir='ltr'>transmarinis</span> <span class='ocrx_word' id='word_1_111' title='bbox 770 2472 878 2539; x_wconf 86' lang='lat' dir='ltr'>agens</span> <span class='ocrx_word' id='word_1_112' title='bbox 925 2450 969 2515; x_wconf 90' lang='lat' dir='ltr'>Et</span> <span class='ocrx_word' id='word_1_113' title='bbox 991 2450 1038 2515; x_wconf 90' lang='lat' dir='ltr'>sic</span> <span class='ocrx_word' id='word_1_114' title='bbox 1060 2450 1169 2515; x_wconf 87' lang='lat' dir='ltr'>dictus</span> <span class='ocrx_word' id='word_1_115' title='bbox 1193 2449 1387 2514; x_wconf 89' lang='lat' dir='ltr'>Edmundus</span> <span class='ocrx_word' id='word_1_116' title='bbox 1410 2450 1510 2514; x_wconf 90' lang='lat' dir='ltr'>morti</span> 
     </span>
     <span class='ocr_line' id='line_1_16' title="bbox 459 2550 1510 2638; baseline -0.004 -19"><span class='ocrx_word' id='word_1_117' title='bbox 459 2554 622 2619; x_wconf 86' lang='lat' dir='ltr'>adductus</span> <span class='ocrx_word' id='word_1_118' title='bbox 645 2558 706 2633; x_wconf 88' lang='lat' dir='ltr'>est,</span> <span class='ocrx_word' id='word_1_119' title='bbox 729 2554 909 2619; x_wconf 84' lang='lat' dir='ltr'>distractus</span> <span class='ocrx_word' id='word_1_120' title='bbox 936 2560 970 2617; x_wconf 87' lang='lat' dir='ltr'>et</span> <span class='ocrx_word' id='word_1_121' title='bbox 1001 2573 1187 2638; x_wconf 87' lang='lat' dir='ltr'>suspensus,</span> <span class='ocrx_word' id='word_1_122' title='bbox 1210 2574 1267 2617; x_wconf 86' lang='lat' dir='ltr'>xv.</span> <span class='ocrx_word' id='word_1_123' title='bbox 1291 2550 1510 2617; x_wconf 86' lang='lat' dir='ltr'>kalendarum</span> 
     </span>
     <span class='ocr_line' id='line_1_17' title="bbox 458 2652 1510 2743; baseline -0.003 -24"><span class='ocrx_word' id='word_1_124' title='bbox 458 2654 651 2721; x_wconf 83' lang='lat' dir='ltr'>Decembris</span> <span class='ocrx_word' id='word_1_125' title='bbox 673 2677 749 2721; x_wconf 87' lang='lat' dir='ltr'>eum</span> <span class='ocrx_word' id='word_1_126' title='bbox 771 2655 936 2743; x_wconf 83' lang='lat' dir='ltr'>armigero</span> <span class='ocrx_word' id='word_1_127' title='bbox 958 2676 1018 2719; x_wconf 90' lang='lat' dir='ltr'>suo</span> <span class='ocrx_word' id='word_1_128' title='bbox 1040 2654 1173 2719; x_wconf 91' lang='lat' dir='ltr'>nomine</span> <span class='ocrx_word' id='word_1_129' title='bbox 1193 2652 1346 2718; x_wconf 83' lang='lat' dir='ltr'>Johanne</span> <span class='ocrx_word' id='word_1_130' title='bbox 1369 2652 1510 2739; x_wconf 89' lang='lat' dir='ltr'>Danyel,</span> 
     </span>
    </p>

    <p class='ocr_par' dir='ltr' id='par_1_11' title="bbox 457 2755 1511 2844">
     <span class='ocr_line' id='line_1_18' title="bbox 457 2755 1511 2844; baseline -0.002 -22"><span class='ocrx_word' id='word_1_131' title='bbox 457 2758 514 2843; x_wconf 90' lang='lat' dir='ltr'>qui</span> <span class='ocrx_word' id='word_1_132' title='bbox 553 2758 660 2844; x_wconf 87' lang='lat' dir='ltr'>ipsum</span> <span class='ocrx_word' id='word_1_133' title='bbox 699 2756 837 2823; x_wconf 86' lang='lat' dir='ltr'>consilio</span> <span class='ocrx_word' id='word_1_134' title='bbox 873 2778 934 2821; x_wconf 87' lang='lat' dir='ltr'>suo</span> <span class='ocrx_word' id='word_1_135' title='bbox 972 2758 1007 2821; x_wconf 91' lang='lat' dir='ltr'>in</span> <span class='ocrx_word' id='word_1_136' title='bbox 1042 2756 1156 2821; x_wconf 89' lang='lat' dir='ltr'>multis</span> <span class='ocrx_word' id='word_1_137' title='bbox 1190 2756 1377 2822; x_wconf 87' lang='lat' dir='ltr'>seduxerat.</span> <span class='ocrx_word' id='word_1_138' title='bbox 1434 2755 1511 2820; x_wconf 84' lang='lat' dir='ltr'>Ste-</span> 
     </span>
    </p>

    <p class='ocr_par' dir='ltr' id='par_1_12' title="bbox 456 2857 1510 2946">
     <span class='ocr_line' id='line_1_19' title="bbox 456 2857 1510 2946; baseline 0 -24"><span class='ocrx_word' id='word_1_139' title='bbox 456 2859 584 2946; x_wconf 87' lang='lat' dir='ltr'>timque</span> <span class='ocrx_word' id='word_1_140' title='bbox 623 2863 803 2925; x_wconf 88' lang='lat' dir='ltr'>tractatum</span> <span class='ocrx_word' id='word_1_141' title='bbox 842 2865 894 2924; x_wconf 91' lang='lat' dir='ltr'>est</span> <span class='ocrx_word' id='word_1_142' title='bbox 938 2858 1028 2945; x_wconf 91' lang='lat' dir='ltr'>apud</span> <span class='ocrx_word' id='word_1_143' title='bbox 1074 2857 1285 2923; x_wconf 86' lang='lat' dir='ltr'>Herfordiam</span> <span class='ocrx_word' id='word_1_144' title='bbox 1325 2858 1366 2923; x_wconf 91' lang='lat' dir='ltr'>de</span> <span class='ocrx_word' id='word_1_145' title='bbox 1404 2862 1510 2922; x_wconf 88' lang='lat' dir='ltr'>morte</span> 
     </span>
    </p>

    <p class='ocr_par' dir='ltr' id='par_1_13' title="bbox 419 2960 1511 3048">
     <span class='ocr_line' id='line_1_20' title="bbox 419 2960 1511 3048; baseline 0 -24"><span class='ocrx_word' id='word_1_146' title='bbox 419 3006 433 3039; x_wconf 87' lang='lat' dir='ltr'>r</span> <span class='ocrx_word' id='word_1_147' title='bbox 462 2960 615 3048; x_wconf 85' lang='lat' dir='ltr'>Hugonis</span> <span class='ocrx_word' id='word_1_148' title='bbox 653 2962 804 3048; x_wconf 86' lang='lat' dir='ltr'>Spenser,</span> <span class='ocrx_word' id='word_1_149' title='bbox 837 2968 872 3026; x_wconf 92' lang='lat' dir='ltr'>et</span> <span class='ocrx_word' id='word_1_150' title='bbox 902 2960 1066 3046; x_wconf 87' lang='lat' dir='ltr'>quomodo</span> <span class='ocrx_word' id='word_1_151' title='bbox 1092 2961 1261 3048; x_wconf 84' lang='lat' dir='ltr'>exstingui</span> <span class='ocrx_word' id='word_1_152' title='bbox 1295 2966 1406 3046; x_wconf 87' lang='lat' dir='ltr'>posset</span> <span class='ocrx_word' id='word_1_153' title='bbox 1439 2964 1511 3024; x_wconf 86' lang='lat' dir='ltr'>tota</span> 
     </span>
    </p>

    <p class='ocr_par' dir='ltr' id='par_1_14' title="bbox 462 3060 1511 3150">
     <span class='ocr_line' id='line_1_21' title="bbox 462 3060 1511 3150; baseline -0.004 -22"><span class='ocrx_word' id='word_1_154' title='bbox 462 3063 533 3148; x_wconf 88' lang='lat' dir='ltr'>ejus</span> <span class='ocrx_word' id='word_1_155' title='bbox 563 3064 749 3150; x_wconf 82' lang='lat' dir='ltr'>posteritas,</span> <span class='ocrx_word' id='word_1_156' title='bbox 771 3084 813 3127; x_wconf 89' lang='lat' dir='ltr'>ne</span> <span class='ocrx_word' id='word_1_157' title='bbox 847 3062 891 3126; x_wconf 89' lang='lat' dir='ltr'>ad</span> <span class='ocrx_word' id='word_1_158' title='bbox 924 3062 1069 3147; x_wconf 88' lang='lat' dir='ltr'>aliquem</span> <span class='ocrx_word' id='word_1_159' title='bbox 1102 3062 1269 3141; x_wconf 88' lang='lat' dir='ltr'>honorem,</span> <span class='ocrx_word' id='word_1_160' title='bbox 1293 3062 1432 3149; x_wconf 76' lang='lat' dir='ltr'>gradum</span> <span class='ocrx_word' id='word_1_161' title='bbox 1456 3060 1511 3125; x_wconf 88' lang='lat' dir='ltr'>vel</span> 
     </span>
    </p>

    <p class='ocr_par' dir='ltr' id='par_1_15' title="bbox 414 3160 1511 3353">
     <span class='ocr_line' id='line_1_22' title="bbox 414 3160 1511 3251; baseline -0.005 -20"><span class='ocrx_word' id='word_1_162' title='bbox 414 3160 420 3173; x_wconf 82' lang='lat'>&#39;</span> <span class='ocrx_word' id='word_1_163' title='bbox 457 3171 584 3231; x_wconf 84' lang='lat' dir='ltr'>statum</span> <span class='ocrx_word' id='word_1_164' title='bbox 616 3166 690 3251; x_wconf 91' lang='lat' dir='ltr'>quis</span> <span class='ocrx_word' id='word_1_165' title='bbox 720 3186 833 3229; x_wconf 89' lang='lat' dir='ltr'>eorum</span> <span class='ocrx_word' id='word_1_166' title='bbox 872 3163 1044 3229; x_wconf 86' lang='lat' dir='ltr'>deveniret</span> <span class='ocrx_word' id='word_1_167' title='bbox 1081 3164 1116 3227; x_wconf 94' lang='lat' dir='ltr'>in</span> <span class='ocrx_word' id='word_1_168' title='bbox 1156 3184 1257 3251; x_wconf 84' lang='lat' dir='ltr'>regno</span> <span class='ocrx_word' id='word_1_169' title='bbox 1287 3163 1418 3248; x_wconf 84' lang='lat' dir='ltr'>Angliae</span> <span class='ocrx_word' id='word_1_170' title='bbox 1450 3182 1511 3247; x_wconf 92' lang='lat' dir='ltr'>pro</span> 
     </span>
     <span class='ocr_line' id='line_1_23' title="bbox 457 3263 1511 3353; baseline -0.005 -21"><span class='ocrx_word' id='word_1_171' title='bbox 457 3272 626 3353; x_wconf 79' lang='lat' dir='ltr'>perpetuo,</span> <span class='ocrx_word' id='word_1_172' title='bbox 672 3267 717 3331; x_wconf 86' lang='lat' dir='ltr'>Et</span> <span class='ocrx_word' id='word_1_173' title='bbox 738 3266 826 3331; x_wconf 89' lang='lat' dir='ltr'>idem</span> <span class='ocrx_word' id='word_1_174' title='bbox 850 3264 952 3353; x_wconf 88' lang='lat' dir='ltr'>Hugo</span> <span class='ocrx_word' id='word_1_175' title='bbox 975 3270 1009 3329; x_wconf 89' lang='lat' dir='ltr'>et</span> <span class='ocrx_word' id='word_1_176' title='bbox 1032 3264 1190 3353; x_wconf 86' lang='lat' dir='ltr'>magister</span> <span class='ocrx_word' id='word_1_177' title='bbox 1208 3264 1373 3330; x_wconf 87' lang='lat' dir='ltr'>Robertus</span> <span class='ocrx_word' id='word_1_178' title='bbox 1388 3263 1511 3328; x_wconf 87' lang='lat' dir='ltr'>Baldoc</span> 
     </span>
    </p>

    <p class='ocr_par' dir='ltr' id='par_1_16' title="bbox 457 3364 1512 3656">
     <span class='ocr_line' id='line_1_24' title="bbox 457 3364 1510 3452; baseline -0.003 -20"><span class='ocrx_word' id='word_1_179' title='bbox 457 3375 492 3432; x_wconf 90' lang='lat' dir='ltr'>et</span> <span class='ocrx_word' id='word_1_180' title='bbox 523 3367 618 3433; x_wconf 90' lang='lat' dir='ltr'>Prior</span> <span class='ocrx_word' id='word_1_181' title='bbox 649 3367 690 3431; x_wconf 92' lang='lat' dir='ltr'>de</span> <span class='ocrx_word' id='word_1_182' title='bbox 721 3366 899 3431; x_wconf 83' lang='lat' dir='ltr'>Herlordia</span> <span class='ocrx_word' id='word_1_183' title='bbox 931 3366 1023 3431; x_wconf 90' lang='lat' dir='ltr'>ducti</span> <span class='ocrx_word' id='word_1_184' title='bbox 1056 3371 1136 3431; x_wconf 89' lang='lat' dir='ltr'>sunt</span> <span class='ocrx_word' id='word_1_185' title='bbox 1166 3366 1255 3452; x_wconf 90' lang='lat' dir='ltr'>apud</span> <span class='ocrx_word' id='word_1_186' title='bbox 1290 3364 1510 3430; x_wconf 83' lang='lat' dir='ltr'>Hcrfordiam.</span> 
     </span>
     <span class='ocr_line' id='line_1_25' title="bbox 459 3467 1511 3555; baseline -0.003 -22"><span class='ocrx_word' id='word_1_187' title='bbox 459 3468 605 3535; x_wconf 86' lang='lat' dir='ltr'>Etcum</span> <span class='ocrx_word' id='word_1_188' title='bbox 634 3489 737 3555; x_wconf 91' lang='lat' dir='ltr'>prope</span> <span class='ocrx_word' id='word_1_189' title='bbox 761 3468 874 3533; x_wconf 89' lang='lat' dir='ltr'>villam</span> <span class='ocrx_word' id='word_1_190' title='bbox 905 3468 1211 3554; x_wconf 83' lang='lat' dir='ltr'>appropinquarent</span> <span class='ocrx_word' id='word_1_191' title='bbox 1241 3467 1384 3533; x_wconf 89' lang='lat' dir='ltr'>occurrit</span> <span class='ocrx_word' id='word_1_192' title='bbox 1414 3470 1511 3530; x_wconf 81' lang='lat' dir='ltr'>tantu</span> 
     </span>
     <span class='ocr_line' id='line_1_26' title="bbox 458 3568 1512 3656; baseline -0.001 -23"><span class='ocrx_word' id='word_1_193' title='bbox 458 3569 639 3636; x_wconf 88' lang='lat' dir='ltr'>multitudo</span> <span class='ocrx_word' id='word_1_194' title='bbox 661 3570 857 3656; x_wconf 87' lang='lat' dir='ltr'>populorum</span> <span class='ocrx_word' id='word_1_195' title='bbox 881 3570 1028 3654; x_wconf 91' lang='lat' dir='ltr'>undique</span> <span class='ocrx_word' id='word_1_196' title='bbox 1050 3570 1139 3655; x_wconf 91' lang='lat' dir='ltr'>quod</span> <span class='ocrx_word' id='word_1_197' title='bbox 1163 3590 1276 3634; x_wconf 91' lang='lat' dir='ltr'>omnes</span> <span class='ocrx_word' id='word_1_198' title='bbox 1303 3568 1512 3633; x_wconf 88' lang='lat' dir='ltr'>mirabantur</span> 
     </span>
    </p>

    <p class='ocr_par' dir='ltr' id='par_1_17' title="bbox 288 3669 1512 4063">
     <span class='ocr_line' id='line_1_27' title="bbox 288 3669 1510 3758; baseline 0.001 -25"><span class='ocrx_word' id='word_1_199' title='bbox 288 3701 367 3753; x_wconf 50' lang='lat' dir='ltr'>Gn„</span> <span class='ocrx_word' id='word_1_200' title='bbox 460 3670 502 3734; x_wconf 89' lang='lat' dir='ltr'>de</span> <span class='ocrx_word' id='word_1_201' title='bbox 526 3670 610 3748; x_wconf 86' lang='lat' dir='ltr'>visu,</span> <span class='ocrx_word' id='word_1_202' title='bbox 626 3677 660 3735; x_wconf 91' lang='lat' dir='ltr'>et</span> <span class='ocrx_word' id='word_1_203' title='bbox 686 3693 799 3735; x_wconf 88' lang='lat' dir='ltr'>omnes</span> <span class='ocrx_word' id='word_1_204' title='bbox 814 3672 872 3758; x_wconf 93' lang='lat' dir='ltr'>qui</span> <span class='ocrx_word' id='word_1_205' title='bbox 887 3676 1044 3757; x_wconf 86' lang='lat' dir='ltr'>poterant</span> <span class='ocrx_word' id='word_1_206' title='bbox 1058 3692 1161 3736; x_wconf 90' lang='lat' dir='ltr'>cornu</span> <span class='ocrx_word' id='word_1_207' title='bbox 1182 3669 1312 3736; x_wconf 86' lang='lat' dir='ltr'>sufflare</span> <span class='ocrx_word' id='word_1_208' title='bbox 1329 3670 1382 3735; x_wconf 92' lang='lat' dir='ltr'>vel</span> <span class='ocrx_word' id='word_1_209' title='bbox 1398 3690 1510 3735; x_wconf 89' lang='lat' dir='ltr'>vocem</span> 
     </span>
     <span class='ocr_line' id='line_1_28' title="bbox 288 3769 1512 3884; baseline -0.001 -48"><span class='ocrx_word' id='word_1_210' title='bbox 288 3769 414 3884; x_wconf 47' lang='lat' dir='ltr'>fflgle</span> <span class='ocrx_word' id='word_1_211' title='bbox 460 3770 584 3837; x_wconf 89' lang='lat' dir='ltr'>hutesii</span> <span class='ocrx_word' id='word_1_212' title='bbox 609 3772 760 3838; x_wconf 86' lang='lat' dir='ltr'>emittere</span> <span class='ocrx_word' id='word_1_213' title='bbox 786 3794 844 3837; x_wconf 91' lang='lat' dir='ltr'>seu</span> <span class='ocrx_word' id='word_1_214' title='bbox 871 3773 1017 3858; x_wconf 91' lang='lat' dir='ltr'>aliquam</span> <span class='ocrx_word' id='word_1_215' title='bbox 1043 3772 1283 3859; x_wconf 86' lang='lat' dir='ltr'>despectionem</span> <span class='ocrx_word' id='word_1_216' title='bbox 1305 3772 1435 3850; x_wconf 82' lang='lat' dir='ltr'>inferre,</span> <span class='ocrx_word' id='word_1_217' title='bbox 1451 3792 1512 3857; x_wconf 89' lang='lat' dir='ltr'>pro</span> 
     </span>
     <span class='ocr_line' id='line_1_29' title="bbox 416 3874 1512 3939; baseline -0.001 -2"><span class='ocrx_word' id='word_1_218' title='bbox 416 3874 421 3885; x_wconf 92' lang='lat'>&#39;</span> <span class='ocrx_word' id='word_1_219' title='bbox 461 3893 521 3938; x_wconf 87' lang='lat' dir='ltr'>suo</span> <span class='ocrx_word' id='word_1_220' title='bbox 551 3874 685 3938; x_wconf 87' lang='lat' dir='ltr'>modulo</span> <span class='ocrx_word' id='word_1_221' title='bbox 719 3896 793 3939; x_wconf 84' lang='lat' dir='ltr'>cum</span> <span class='ocrx_word' id='word_1_222' title='bbox 828 3875 983 3939; x_wconf 86' lang='lat' dir='ltr'>convitiis</span> <span class='ocrx_word' id='word_1_223' title='bbox 1013 3879 1048 3939; x_wconf 90' lang='lat' dir='ltr'>et</span> <span class='ocrx_word' id='word_1_224' title='bbox 1077 3874 1286 3939; x_wconf 88' lang='lat' dir='ltr'>contumeliis</span> <span class='ocrx_word' id='word_1_225' title='bbox 1325 3874 1512 3939; x_wconf 89' lang='lat' dir='ltr'>intulerunt</span> 
     </span>
     <span class='ocr_line' id='line_1_30' title="bbox 463 3974 1511 4063; baseline -0.002 -24"><span class='ocrx_word' id='word_1_226' title='bbox 463 3974 607 4063; x_wconf 86' lang='lat' dir='ltr'>Hugoni‚</span> <span class='ocrx_word' id='word_1_227' title='bbox 625 3976 708 4039; x_wconf 86' lang='lat' dir='ltr'>adeo</span> <span class='ocrx_word' id='word_1_228' title='bbox 730 3976 818 4060; x_wconf 93' lang='lat' dir='ltr'>quod</span> <span class='ocrx_word' id='word_1_229' title='bbox 841 3976 1014 4041; x_wconf 86' lang='lat' dir='ltr'>retroactis</span> <span class='ocrx_word' id='word_1_230' title='bbox 1036 3976 1241 4062; x_wconf 86' lang='lat' dir='ltr'>temporibus</span> <span class='ocrx_word' id='word_1_231' title='bbox 1264 3984 1333 4040; x_wconf 85' lang='lat' dir='ltr'>tam</span> <span class='ocrx_word' id='word_1_232' title='bbox 1357 3974 1511 4039; x_wconf 84' lang='lat' dir='ltr'>horridus</span> 
     </span>
    </p>

    <p class='ocr_par' dir='ltr' id='par_1_18' title="bbox 462 4076 1512 4164">
     <span class='ocr_line' id='line_1_31' title="bbox 462 4076 1512 4164; baseline 0 -23"><span class='ocrx_word' id='word_1_233' title='bbox 462 4098 563 4141; x_wconf 90' lang='lat' dir='ltr'>sonus</span> <span class='ocrx_word' id='word_1_234' title='bbox 586 4077 626 4141; x_wconf 94' lang='lat' dir='ltr'>de</span> <span class='ocrx_word' id='word_1_235' title='bbox 649 4098 855 4164; x_wconf 90' lang='lat' dir='ltr'>quocumque</span> <span class='ocrx_word' id='word_1_236' title='bbox 877 4078 1012 4142; x_wconf 87' lang='lat' dir='ltr'>sublimi</span> <span class='ocrx_word' id='word_1_237' title='bbox 1042 4076 1175 4143; x_wconf 87' lang='lat' dir='ltr'>homine</span> <span class='ocrx_word' id='word_1_238' title='bbox 1207 4100 1273 4142; x_wconf 89' lang='lat' dir='ltr'>non</span> <span class='ocrx_word' id='word_1_239' title='bbox 1296 4082 1347 4141; x_wconf 84' lang='lat' dir='ltr'>est</span> <span class='ocrx_word' id='word_1_240' title='bbox 1368 4076 1512 4142; x_wconf 86' lang='lat' dir='ltr'>auditus.</span> 
     </span>
    </p>

    <p class='ocr_par' dir='ltr' id='par_1_19' title="bbox 287 4177 1514 4448">
     <span class='ocr_line' id='line_1_32' title="bbox 288 4177 1513 4265; baseline -0.003 -22"><span class='ocrx_word' id='word_1_241' title='bbox 288 4194 438 4247; x_wconf 77' lang='lat' dir='ltr'>Treatmont</span> <span class='ocrx_word' id='word_1_242' title='bbox 463 4178 509 4243; x_wconf 81' lang='lat' dir='ltr'>Et</span> <span class='ocrx_word' id='word_1_243' title='bbox 538 4179 646 4265; x_wconf 89' lang='lat' dir='ltr'>primo</span> <span class='ocrx_word' id='word_1_244' title='bbox 668 4179 855 4243; x_wconf 80' lang='lat' dir='ltr'>vestierunt</span> <span class='ocrx_word' id='word_1_245' title='bbox 885 4200 960 4243; x_wconf 93' lang='lat' dir='ltr'>eum</span> <span class='ocrx_word' id='word_1_246' title='bbox 991 4200 1058 4243; x_wconf 93' lang='lat' dir='ltr'>uno</span> <span class='ocrx_word' id='word_1_247' title='bbox 1081 4179 1279 4244; x_wconf 81' lang='lat' dir='ltr'>vestimento</span> <span class='ocrx_word' id='word_1_248' title='bbox 1310 4198 1384 4243; x_wconf 89' lang='lat' dir='ltr'>cum</span> <span class='ocrx_word' id='word_1_249' title='bbox 1411 4177 1513 4241; x_wconf 87' lang='lat' dir='ltr'>armis</span> 
     </span>
     <span class='ocr_line' id='line_1_33' title="bbox 288 4261 1514 4390; baseline -0.003 -45"><span class='ocrx_word' id='word_1_250' title='bbox 288 4261 442 4390; x_wconf 48' lang='lat' dir='ltr'>ssfss&#39;and</span> <span class='ocrx_word' id='word_1_251' title='bbox 461 4280 530 4345; x_wconf 88' lang='lat' dir='ltr'>suis</span> <span class='ocrx_word' id='word_1_252' title='bbox 553 4279 729 4345; x_wconf 85' lang='lat' dir='ltr'>revereatis</span> <span class='ocrx_word' id='word_1_253' title='bbox 751 4281 852 4345; x_wconf 87' lang='lat' dir='ltr'>missa</span> <span class='ocrx_word' id='word_1_254' title='bbox 874 4301 995 4346; x_wconf 87' lang='lat' dir='ltr'>corone</span> <span class='ocrx_word' id='word_1_255' title='bbox 1016 4280 1058 4344; x_wconf 85' lang='lat' dir='ltr'>dc</span> <span class='ocrx_word' id='word_1_256' title='bbox 1081 4280 1197 4346; x_wconf 86' lang='lat' dir='ltr'>urticis</span> <span class='ocrx_word' id='word_1_257' title='bbox 1227 4280 1262 4343; x_wconf 90' lang='lat' dir='ltr'>in</span> <span class='ocrx_word' id='word_1_258' title='bbox 1293 4280 1402 4364; x_wconf 84' lang='lat' dir='ltr'>capite</span> <span class='ocrx_word' id='word_1_259' title='bbox 1432 4278 1514 4363; x_wconf 87' lang='lat' dir='ltr'>ejus.</span> 
     </span>
     <span class='ocr_line' id='line_1_34' title="bbox 287 4380 1514 4448; baseline 0.001 -5"><span class='ocrx_word' id='word_1_260' title='bbox 287 4394 409 4445; x_wconf 78' lang='lat' dir='ltr'>Budoek.</span> <span class='ocrx_word' id='word_1_261' title='bbox 462 4380 571 4447; x_wconf 87' lang='lat' dir='ltr'>Simili</span> <span class='ocrx_word' id='word_1_262' title='bbox 601 4381 698 4447; x_wconf 89' lang='lat' dir='ltr'>modo</span> <span class='ocrx_word' id='word_1_263' title='bbox 728 4382 915 4447; x_wconf 86' lang='lat' dir='ltr'>vestierunt</span> <span class='ocrx_word' id='word_1_264' title='bbox 943 4381 1125 4448; x_wconf 86' lang='lat' dir='ltr'>Robertum</span> <span class='ocrx_word' id='word_1_265' title='bbox 1158 4382 1281 4447; x_wconf 85' lang='lat' dir='ltr'>Ealdoc</span> <span class='ocrx_word' id='word_1_266' title='bbox 1312 4381 1412 4445; x_wconf 90' lang='lat' dir='ltr'>simili</span> <span class='ocrx_word' id='word_1_267' title='bbox 1440 4402 1514 4445; x_wconf 89' lang='lat' dir='ltr'>ves·</span> 
     </span>
    </p>
   </div>
   <div class='ocr_carea' id='block_1_3' title="bbox 461 4480 1513 4569">
    <p class='ocr_par' dir='ltr' id='par_1_20' title="bbox 461 4480 1513 4569">
     <span class='ocr_line' id='line_1_35' title="bbox 461 4480 1513 4569; baseline 0.001 -21"><span class='ocrx_word' id='word_1_268' title='bbox 461 4484 609 4549; x_wconf 87' lang='lat' dir='ltr'>timente.</span> <span class='ocrx_word' id='word_1_269' title='bbox 655 4482 701 4548; x_wconf 87' lang='lat' dir='ltr'>Et</span> <span class='ocrx_word' id='word_1_270' title='bbox 731 4504 829 4569; x_wconf 90' lang='lat' dir='ltr'>super</span> <span class='ocrx_word' id='word_1_271' title='bbox 851 4483 1058 4549; x_wconf 87' lang='lat' dir='ltr'>vestimentis</span> <span class='ocrx_word' id='word_1_272' title='bbox 1089 4505 1203 4549; x_wconf 87' lang='lat' dir='ltr'>eorum</span> <span class='ocrx_word' id='word_1_273' title='bbox 1230 4482 1344 4569; x_wconf 86' lang='lat' dir='ltr'>scripti</span> <span class='ocrx_word' id='word_1_274' title='bbox 1367 4486 1447 4547; x_wconf 88' lang='lat' dir='ltr'>sunt</span> <span class='ocrx_word' id='word_1_275' title='bbox 1469 4480 1513 4567; x_wconf 91' lang='lat' dir='ltr'>vj.</span> 
     </span>
    </p>
   </div>
   <div class='ocr_carea' id='block_1_4' title="bbox 465 4667 646 4679">
    <p class='ocr_par' dir='ltr' id='par_1_21' title="bbox 465 4667 646 4679">
     <span class='ocr_line' id='line_1_36' title="bbox 465 4667 646 4679; baseline 0 0"><span class='ocrx_word' id='word_1_276' title='bbox 465 4667 646 4679; x_wconf 43' lang='grc' dir='ltr'>»ἑῇ-φὴ·</span> 
     </span>
    </p>
   </div>
   <div class='ocr_carea' id='block_1_5' title="bbox 460 4780 1514 4930">
    <p class='ocr_par' dir='ltr' id='par_1_22' title="bbox 460 4780 1514 4930">
     <span class='ocr_line' id='line_1_37' title="bbox 495 4780 1514 4845; baseline 0.003 -13"><span class='ocrx_word' id='word_1_277' title='bbox 495 4780 960 4845; x_wconf 71' lang='lat' dir='ltr'>¹Secmrneedfultothesensabut</span> <span class='ocrx_word' id='word_1_278' title='bbox 1044 4786 1173 4836; x_wconf 75' lang='lat' dir='ltr'>²Omero.</span> <span class='ocrx_word' id='word_1_279' title='bbox 1225 4785 1286 4835; x_wconf 80' lang='lat' dir='ltr'>This</span> <span class='ocrx_word' id='word_1_280' title='bbox 1308 4786 1330 4836; x_wconf 78' lang='lat' dir='ltr'>ir</span> <span class='ocrx_word' id='word_1_281' title='bbox 1358 4786 1403 4837; x_wconf 83' lang='lat' dir='ltr'>the</span> <span class='ocrx_word' id='word_1_282' title='bbox 1430 4785 1514 4836; x_wconf 78' lang='lat' dir='ltr'>ortho-</span> 
     </span>
     <span class='ocr_line' id='line_1_38' title="bbox 460 4859 1380 4930; baseline 0.004 -21"><span class='ocrx_word' id='word_1_283' title='bbox 460 4860 481 4909; x_wconf 84' lang='lat' dir='ltr'>is</span> <span class='ocrx_word' id='word_1_284' title='bbox 494 4868 539 4910; x_wconf 75' lang='lat' dir='ltr'>not</span> <span class='ocrx_word' id='word_1_285' title='bbox 550 4860 576 4909; x_wconf 91' lang='lat' dir='ltr'>in</span> <span class='ocrx_word' id='word_1_286' title='bbox 589 4860 632 4911; x_wconf 84' lang='lat' dir='ltr'>the</span> <span class='ocrx_word' id='word_1_287' title='bbox 645 4859 806 4926; x_wconf 78' lang='lat' dir='ltr'>manuscript.</span> <span class='ocrx_word' id='word_1_288' title='bbox 1012 4864 1113 4929; x_wconf 74' lang='lat' dir='ltr'>graphy</span> <span class='ocrx_word' id='word_1_289' title='bbox 1125 4864 1152 4913; x_wconf 82' lang='lat' dir='ltr'>ol</span> <span class='ocrx_word' id='word_1_290' title='bbox 1164 4864 1207 4915; x_wconf 84' lang='lat' dir='ltr'>the</span> <span class='ocrx_word' id='word_1_291' title='bbox 1219 4864 1380 4930; x_wconf 76' lang='lat' dir='ltr'>manuscript.</span> 
     </span>
    </p>
   </div>
   <div class='ocr_carea' id='block_1_6' title="bbox 0 0 1824 5784">
    <p class='ocr_par' dir='ltr' id='par_1_23' title="bbox 0 0 1824 5784">
     <span class='ocr_line' id='line_1_39' title="bbox 0 0 1824 5784; baseline 0 0"><span class='ocrx_word' id='word_1_292' title='bbox 0 0 1824 5784; x_wconf 95' lang='lat' dir='ltr'> </span> 
     </span>
    </p>
   </div>
  </div>
 </body>
</html>
