3625 5784
396 865 462 932 374
758 875 903 924 nerium
926 874 1109 923 urrenrou

395 1065 544 1130 canonici
567 1065 608 1129 de
631 1065 728 1129 domo
759 1061 886 1129 saneti¹
911 1063 1056 1127 Andreae
1079 1062 1115 1126 in
1138 1061 1258 1138 Scotia,
1294 1060 1352 1146 qui
1378 1081 1454 1124 eum

396 1168 438 1231 ad
462 1173 597 1253 pontem
620 1167 709 1232 villae
739 1168 919 1232 nominatae
941 1166 1046 1232 saneti
1070 1166 1234 1230 Johannis
1255 1185 1366 1228 eoram
1397 1163 1455 1228 illo
1468 1189 1613 1255 Τωοι,

397 1269 526 1334 latrone
561 1269 728 1334 Willelmo
761 1269 894 1354 ll'aleys
918 1272 1047 1333 starent
1077 1268 1174 1353 quasi
1203 1288 1264 1352 pro
1293 1265 1454 1331 tribunali
1466 1261 1540 1308 ²⁵¹⁵·

400 1377 540 1436 mortem
588 1376 808 1457 expectantes
849 1372 961 1436 subito
1005 1370 1151 1436 salvavit
1187 1391 1242 1434 eos
1280 1369 1362 1433 deus
1400 1369 1454 1433 sia

229 1459 289 1509 Two
352 1525 364 1574 f
402 1473 574 1538 Venerunt
612 1474 698 1538 enim
738 1473 852 1538 nuncii
889 1495 965 1538 eum
1003 1494 1125 1559 magna
1163 1471 1375 1536 festinatione
1412 1491 1455 1534 ex

228 1540 351 1679 {steppo
400 1581 496 1662 parte
513 1575 719 1661 quorundam
742 1581 974 1662 magnatorum
998 1576 1092 1662 regni
1110 1573 1241 1651 Scotiae,
1256 1574 1292 1637 in
1315 1594 1456 1658 quorum

230 1659 381 1775 ffissmm
400 1679 549 1744 adventu
579 1678 782 1765 praepeditus
814 1677 870 1741 ille
893 1676 1081 1741 Willelmus
1112 1677 1199 1740 latro
1229 1675 1387 1761 praeeepit
1416 1679 1456 1739 ut

231 1791 314 1841 death.
400 1781 436 1843 in
460 1781 555 1844 salva
577 1779 727 1844 custodia
749 1785 969 1865 ponerentur;
1002 1779 1059 1863 qui
1082 1783 1198 1868 postea
1221 1800 1242 1842 a
1263 1776 1456 1842 custodibus

399 1881 468 1947 suis
506 1903 565 1968 per
603 1881 763 1966 quosdam
795 1882 976 1945 amicorum
1010 1901 1145 1945 suorum
1179 1879 1343 1964 redempti
1375 1884 1455 1942 sunt

400 1983 479 2048 dato
494 1981 626 2068 pretio²
649 1988 683 2047 et
706 1984 856 2068 praestito
873 1983 1066 2068 juramento
1088 1981 1176 2066 quod
1199 2002 1337 2068 aregno
1359 1979 1454 2044 iesti·
1504 2009 1512 2016 ·

399 2089 519 2148 nanter
553 2083 676 2171 egressi
709 2105 880 2168 nunquam
912 2084 996 2148 illud
1030 2085 1152 2147 iterum
1184 2083 1456 2169 ingrederentur3

400 2207 539 2270 quorum
585 2207 673 2250 unus
712 2187 836 2251 mansit
875 2186 965 2271 apud
1003 2185 1181 2271 Gysburne
1226 2206 1286 2269 per
1323 2189 1455 2268 tempus

399 2288 534 2372 aliquod
572 2292 607 2352 et
651 2288 834 2373 perieulum
872 2309 970 2352 auum
1008 2309 1064 2352 ore
1107 2285 1242 2372 proprio
1279 2286 1454 2349 enarravit.

230 2387 311 2464 ”3⁰⁸⁶
402 2389 484 2454 Haee
510 2389 584 2453 ideo
607 2390 748 2455 seribere
770 2389 886 2476 curavi
918 2389 1124 2454 ferocitatem
1155 2387 1314 2473 improbae
1345 2386 1456 2476 gentis
1561 2422 1566 2428 ·

232 2453 389 2570 ffiiffio
402 2512 547 2556 reserare
570 2512 644 2576 quae
678 2492 713 2556 in
747 2491 894 2578 maligno
917 2491 1067 2555 totaliter
1100 2512 1200 2576 super
1231 2511 1344 2554 omnes
1373 2491 1457 2554 alias

231 2587 360 2703 {mg}
403 2593 554 2657 nationes
577 2599 675 2657 terrae
698 2593 793 2677 quasi
816 2593 1014 2656 naturaliter
1035 2597 1152 2657 eontra
1168 2590 1325 2678 Anglinos
1347 2591 1457 2676 positu

232 2719 315 2770 ortae
405 2700 462 2758 est.
509 2693 590 2758 Tres
605 2692 737 2780 Angliei
753 2693 818 2757 viri
842 2693 876 2756 in
900 2693 983 2757 villa
1004 2693 1111 2758 saneti
1126 2691 1269 2756 Andreae
1292 2692 1327 2754 in
1343 2691 1457 2757 Sootia

234 2786 315 2836 5⁰⁰²&
405 2794 608 2858 mansionem
640 2799 852 2880 susceperant
890 2815 966 2858 eum
1003 2815 1025 2858 a
1060 2793 1144 2858 faeie
1176 2793 1266 2856 illius
1297 2791 1457 2858 Willelmi

402 2895 535 2980 Waleys
559 2901 593 2960 et
616 2917 750 2960 suorum
783 2895 947 2982 fugissent
970 2897 1005 2959 in
1036 2895 1181 2980 lapidem
1215 2895 1309 2959 illum
1332 2895 1457 2961 scilieet

402 2997 459 3081 qui
493 2997 616 3060 dieitur
649 3003 745 3082 petra
776 2997 829 3060 vel
864 3018 942 3061 aeus
974 2996 1079 3060 ‘saneti
1103 2995 1254 3070 Andreae,
1286 2996 1457 3060 eredentes

402 3121 436 3163 se
459 3120 553 3184 posse
577 3098 697 3184 lapidis
720 3098 932 3162 immunitate
954 3099 1087 3175 muniri,
1109 3119 1185 3162 eum
1207 3102 1322 3162 saneta
1351 3101 1460 3162 mater

402 3201 537 3266 eeclesia
560 3200 773 3288 privilegium
795 3200 1003 3286 perdidisset,
1026 3221 1048 3265 a
1070 3199 1178 3265 Scotis
1207 3199 1349 3264 inseeuti
1378 3205 1458 3264 sunt

403 3303 495 3368 etin
519 3303 633 3367 eodem
658 3301 767 3388 lapide
791 3302 967 3366 interfecti.

707 3555 1103 3564 .——.....-.—-———

840 3716 937 3782 OAP.
960 3716 1014 3782 X.³

235 3903 367 3971 KingEd·
492 3890 626 3958 unciata
648 3898 728 3958 sunt
750 3891 821 3956 hree
844 3892 914 3978 regi
930 3891 965 3954 in
982 3889 1138 3954 Flandria
1152 3890 1316 3956 existenti.
1358 3890 1462 3970 Quae*

236 3971 395 4101 mim?
515 3993 615 4060 eum⁵
637 3995 680 4059 ad
707 3993 912 4058 audientiam
939 3992 1011 4077 ejus
1040 3993 1277 4078 perveniffitnt
1304 3992 1346 4056 de
1372 3991 1459 4057 facili

234 4104 387 4160 ofDueham
409 4096 507 4161 fidem
518 4117 585 4160 non
600 4095 772 4174 adhibuit3
794 4095 852 4160 sed
868 4095 967 4158 misso
978 4094 1194 4158 Dunelmensi
1210 4094 1361 4178 episeopo
1376 4115 1459 4180 pree·

440 4327 564 4391 ¹rancti]
579 4326 645 4376 from
657 4327 707 4384 A.;
725 4342 776 4376 om.
787 4327 843 4375 MS.
959 4324 1107 4374 correction.
1152 4298 1208 4373 Ms‘.
1227 4324 1275 4374 har
1295 4322 1461 4388 Quacumque

440 4404 450 4436 ²
464 4405 563 4471 pretio]
579 4405 644 4454 from
654 4407 686 4454 A.
696 4425 702 4464 ς
713 4404 846 4468 predicto,
855 4405 910 4454 MS.
959 4401 1035 4465 quod.

440 4483 756 4535 ³Thereisnomsrlrcl
773 4499 789 4532 a
806 4483 911 4546 chapter
992 4480 1063 4533 ‘On
1091 4482 1154 4531 both
1181 4481 1293 4548 margins
1320 4482 1368 4532 has
1396 4483 1460 4532 been

407 4561 433 4612 in
445 4565 510 4621 MS„
522 4564 569 4611 but
581 4563 624 4612 the
637 4561 662 4610 N
674 4560 696 4610 is
708 4561 867 4610 illuminarat
883 4560 911 4610 in
963 4559 1076 4620 Quidam
1086 4561 1218 4611 Scotorum
1229 4561 1355 4612 dederunt
1365 4577 1391 4610 ee
1402 4577 1460 4611 nor-

406 4642 469 4691 both
481 4642 554 4691 MSS.
589 4639 622 4689 ln
633 4641 666 4689 A.
684 4641 727 4690 the
746 4641 846 4704 margin
864 4639 909 4688 hus
961 4640 1009 4689 tria
1020 4639 1093 4705 apud
1101 4639 1209 4690 Irewen.
1242 4639 1460 4706 Thereisenough

406 4721 472 4771 been
485 4720 621 4785 destroyed
632 4720 731 4784 greatly
743 4721 777 4783 hy
790 4719 843 4768 lire.
959 4718 1100 4784 remaining
1118 4718 1144 4768 in
1156 4718 1191 4768 A.
1211 4725 1239 4770 to
1259 4719 1329 4768 show
1344 4719 1399 4768 that
1417 4719 1461 4768 the

439 4799 450 4830 ⁴
471 4799 536 4860 Qua
548 4815 602 4848 aem
614 4798 658 4856 ud,
672 4797 714 4856 et,
726 4797 825 4863 though
845 4798 879 4860 by
894 4813 911 4847 a
960 4798 1059 4864 margin
1071 4813 1122 4848 was
1133 4799 1206 4849 there
1216 4796 1343 4863 formerly.
