<?xml version="1.0" encoding="UTF-8"?>
<!DOCTYPE html PUBLIC "-//W3C//DTD XHTML 1.0 Transitional//EN"
    "http://www.w3.org/TR/xhtml1/DTD/xhtml1-transitional.dtd">
<html xmlns="http://www.w3.org/1999/xhtml" xml:lang="en" lang="en">
 <head>
  <title>
</title>
<meta http-equiv="Content-Type" content="text/html;charset=utf-8" />
  <meta name='ocr-system' content='tesseract 3.04.00' />
  <meta name='ocr-capabilities' content='ocr_page ocr_carea ocr_par ocr_line ocrx_word'/>
</head>
<body>
  <div class='ocr_page' id='page_1' title='image "./chroniconhenric00lumbgoog_0281.png"; bbox 0 0 3625 5784; ppageno 0'>
   <div class='ocr_carea' id='block_1_1' title="bbox 438 876 1143 939">
    <p class='ocr_par' dir='ltr' id='par_1_1' title="bbox 438 876 1143 939">
     <span class='ocr_line' id='line_1_1' title="bbox 438 876 1143 939; baseline 0.001 -2"><span class='ocrx_word' id='word_1_1' title='bbox 438 876 502 937; x_wconf 75' lang='lat'><strong>258</strong></span> <span class='ocrx_word' id='word_1_2' title='bbox 789 888 936 937; x_wconf 77' lang='lat' dir='ltr'><strong>Haualcl</strong></span> <span class='ocrx_word' id='word_1_3' title='bbox 959 886 1143 939; x_wconf 73' lang='lat' dir='ltr'><strong>mauron</strong></span> 
     </span>
    </p>
   </div>
   <div class='ocr_carea' id='block_1_2' title="bbox 265 1076 1493 3612">
    <p class='ocr_par' dir='ltr' id='par_1_2' title="bbox 265 1076 1493 3612">
     <span class='ocr_line' id='line_1_2' title="bbox 436 1076 1492 1165; baseline 0.001 -25"><span class='ocrx_word' id='word_1_4' title='bbox 436 1082 550 1142; x_wconf 91' lang='lat' dir='ltr'><strong>nostra</strong></span> <span class='ocrx_word' id='word_1_5' title='bbox 586 1077 677 1143; x_wconf 84' lang='lat' dir='ltr'><strong>faeta</strong></span> <span class='ocrx_word' id='word_1_6' title='bbox 713 1082 772 1144; x_wconf 84' lang='lat' dir='ltr'><strong>est</strong></span> <span class='ocrx_word' id='word_1_7' title='bbox 819 1078 940 1145; x_wconf 87' lang='lat' dir='ltr'><strong>Factus</strong></span> <span class='ocrx_word' id='word_1_8' title='bbox 978 1085 1030 1145; x_wconf 90' lang='lat' dir='ltr'><strong>est</strong></span> <span class='ocrx_word' id='word_1_9' title='bbox 1067 1100 1144 1165; x_wconf 86' lang='lat' dir='ltr'><strong>ergo</strong></span> <span class='ocrx_word' id='word_1_10' title='bbox 1183 1100 1241 1165; x_wconf 90' lang='lat' dir='ltr'><strong>per</strong></span> <span class='ocrx_word' id='word_1_11' title='bbox 1281 1076 1492 1163; x_wconf 73' lang='lat' dir='ltr'><strong>diligentiam</strong></span> 
     </span>
     <span class='ocr_line' id='line_1_3' title="bbox 437 1176 1491 1265; baseline 0 -23"><span class='ocrx_word' id='word_1_12' title='bbox 437 1176 580 1243; x_wconf 88' lang='lat' dir='ltr'><strong>Romani</strong></span> <span class='ocrx_word' id='word_1_13' title='bbox 627 1178 794 1265; x_wconf 85' lang='lat' dir='ltr'><strong>pontificis</strong></span> <span class='ocrx_word' id='word_1_14' title='bbox 836 1179 1015 1247; x_wconf 88' lang='lat' dir='ltr'><strong>Clementis</strong></span> <span class='ocrx_word' id='word_1_15' title='bbox 1059 1182 1093 1244; x_wconf 88' lang='lat' dir='ltr'><strong>et</strong></span> <span class='ocrx_word' id='word_1_16' title='bbox 1133 1178 1272 1245; x_wconf 83' lang='lat' dir='ltr'><strong>aliorum</strong></span> <span class='ocrx_word' id='word_1_17' title='bbox 1322 1200 1491 1243; x_wconf 87' lang='lat' dir='ltr'><strong>servorum</strong></span> 
     </span>
     <span class='ocr_line' id='line_1_4' title="bbox 271 1278 1493 1367; baseline 0.003 -26"><span class='ocrx_word' id='word_1_18' title='bbox 271 1300 408 1351; x_wconf 81' lang='lat' dir='ltr'><strong>Promoted</strong></span> <span class='ocrx_word' id='word_1_19' title='bbox 438 1278 492 1344; x_wconf 93' lang='lat' dir='ltr'><strong>dei</strong></span> <span class='ocrx_word' id='word_1_20' title='bbox 516 1279 701 1366; x_wconf 81' lang='lat' dir='ltr'><strong>religiosam</strong></span> <span class='ocrx_word' id='word_1_21' title='bbox 731 1302 864 1367; x_wconf 83' lang='lat' dir='ltr'><strong>operam</strong></span> <span class='ocrx_word' id='word_1_22' title='bbox 890 1303 1030 1367; x_wconf 82' lang='lat' dir='ltr'><strong>magnus</strong></span> <span class='ocrx_word' id='word_1_23' title='bbox 1060 1281 1174 1367; x_wconf 91' lang='lat' dir='ltr'><strong>populi</strong></span> <span class='ocrx_word' id='word_1_24' title='bbox 1199 1279 1382 1347; x_wconf 75' lang='lat' dir='ltr'><strong>Christiani</strong></span> <span class='ocrx_word' id='word_1_25' title='bbox 1417 1301 1493 1345; x_wconf 86' lang='lat' dir='ltr'><strong>con·</strong></span> 
     </span>
     <span class='ocr_line' id='line_1_5' title="bbox 269 1367 1493 1484; baseline 0 -39"><span class='ocrx_word' id='word_1_26' title='bbox 269 1367 393 1484; x_wconf 48' lang='lat' dir='ltr'><strong>&amp;effi</strong></span> <span class='ocrx_word' id='word_1_27' title='bbox 439 1402 559 1458; x_wconf 88' lang='lat' dir='ltr'><strong>cursus,</strong></span> <span class='ocrx_word' id='word_1_28' title='bbox 590 1388 625 1446; x_wconf 90' lang='lat' dir='ltr'><strong>et</strong></span> <span class='ocrx_word' id='word_1_29' title='bbox 654 1383 827 1449; x_wconf 84' lang='lat' dir='ltr'><strong>fortissimi</strong></span> <span class='ocrx_word' id='word_1_30' title='bbox 867 1383 1031 1469; x_wconf 88' lang='lat' dir='ltr'><strong>principes</strong></span> <span class='ocrx_word' id='word_1_31' title='bbox 1066 1382 1252 1449; x_wconf 87' lang='lat' dir='ltr'><strong>charactere</strong></span> <span class='ocrx_word' id='word_1_32' title='bbox 1282 1382 1408 1447; x_wconf 89' lang='lat' dir='ltr'><strong>domiui</strong></span> <span class='ocrx_word' id='word_1_33' title='bbox 1442 1381 1493 1445; x_wconf 92' lang='lat' dir='ltr'><strong>in·</strong></span> 
     </span>
     <span class='ocr_line' id='line_1_6' title="bbox 439 1483 1493 1573; baseline 0.001 -26"><span class='ocrx_word' id='word_1_34' title='bbox 439 1483 554 1569; x_wconf 80' lang='lat' dir='ltr'><strong>siguiti</strong></span> <span class='ocrx_word' id='word_1_35' title='bbox 574 1489 662 1562; x_wconf 85' lang='lat' dir='ltr'><strong>srmt,</strong></span> <span class='ocrx_word' id='word_1_36' title='bbox 686 1489 721 1549; x_wconf 92' lang='lat' dir='ltr'><strong>et</strong></span> <span class='ocrx_word' id='word_1_37' title='bbox 743 1506 917 1551; x_wconf 87' lang='lat' dir='ltr'><strong>numerosa</strong></span> <span class='ocrx_word' id='word_1_38' title='bbox 940 1485 1056 1573; x_wconf 83' lang='lat' dir='ltr'><strong>stipati</strong></span> <span class='ocrx_word' id='word_1_39' title='bbox 1086 1484 1207 1550; x_wconf 86' lang='lat' dir='ltr'><strong>militia</strong></span> <span class='ocrx_word' id='word_1_40' title='bbox 1233 1484 1370 1550; x_wconf 82' lang='lat' dir='ltr'><strong>orientis</strong></span> <span class='ocrx_word' id='word_1_41' title='bbox 1391 1504 1493 1570; x_wconf 84' lang='lat' dir='ltr'><strong>regna</strong></span> 
     </span>
     <span class='ocr_line' id='line_1_7' title="bbox 439 1584 1491 1673; baseline 0.002 -26"><span class='ocrx_word' id='word_1_42' title='bbox 439 1584 691 1653; x_wconf 84' lang='lat' dir='ltr'><strong>laboriosissime</strong></span> <span class='ocrx_word' id='word_1_43' title='bbox 714 1591 941 1673; x_wconf 87' lang='lat' dir='ltr'><strong>penetrarunt.</strong></span> <span class='ocrx_word' id='word_1_44' title='bbox 989 1588 1083 1653; x_wconf 83' lang='lat' dir='ltr'><strong>luter</strong></span> <span class='ocrx_word' id='word_1_45' title='bbox 1107 1608 1188 1673; x_wconf 83' lang='lat' dir='ltr'><strong>quos</strong></span> <span class='ocrx_word' id='word_1_46' title='bbox 1221 1586 1359 1653; x_wconf 87' lang='lat' dir='ltr'><strong>eandem</strong></span> <span class='ocrx_word' id='word_1_47' title='bbox 1393 1607 1491 1671; x_wconf 87' lang='lat' dir='ltr'><strong>expe-</strong></span> 
     </span>
     <span class='ocr_line' id='line_1_8' title="bbox 439 1688 1492 1775; baseline -0.001 -23"><span class='ocrx_word' id='word_1_48' title='bbox 439 1688 600 1753; x_wconf 89' lang='lat' dir='ltr'><strong>ditionem</strong></span> <span class='ocrx_word' id='word_1_49' title='bbox 632 1689 811 1775; x_wconf 73' lang='lat' dir='ltr'><strong>assumpsit</strong></span> <span class='ocrx_word' id='word_1_50' title='bbox 841 1688 1025 1754; x_wconf 86' lang='lat' dir='ltr'><strong>Edwardus</strong></span> <span class='ocrx_word' id='word_1_51' title='bbox 1055 1689 1145 1754; x_wconf 89' lang='lat' dir='ltr'><strong>filius</strong></span> <span class='ocrx_word' id='word_1_52' title='bbox 1169 1689 1256 1775; x_wconf 87' lang='lat' dir='ltr'><strong>regis</strong></span> <span class='ocrx_word' id='word_1_53' title='bbox 1278 1688 1426 1766; x_wconf 83' lang='lat' dir='ltr'><strong>Henrici,</strong></span> <span class='ocrx_word' id='word_1_54' title='bbox 1458 1693 1492 1751; x_wconf 84' lang='lat' dir='ltr'><strong>et·</strong></span> 
     </span>
     <span class='ocr_line' id='line_1_9' title="bbox 273 1788 1492 1877; baseline -0.001 -23"><span class='ocrx_word' id='word_1_55' title='bbox 273 1803 341 1854; x_wconf 73' lang='lat' dir='ltr'><strong>luo.</strong></span> <span class='ocrx_word' id='word_1_56' title='bbox 356 1808 427 1856; x_wconf 79' lang='lat' dir='ltr'><strong>lero.</strong></span> <span class='ocrx_word' id='word_1_57' title='bbox 439 1788 505 1853; x_wconf 85' lang='lat' dir='ltr'><strong>iter</strong></span> <span class='ocrx_word' id='word_1_58' title='bbox 537 1790 681 1877; x_wconf 85' lang='lat' dir='ltr'><strong>arripuit</strong></span> <span class='ocrx_word' id='word_1_59' title='bbox 713 1791 750 1855; x_wconf 91' lang='lat' dir='ltr'><strong>in</strong></span> <span class='ocrx_word' id='word_1_60' title='bbox 783 1796 899 1857; x_wconf 68' lang='lat' dir='ltr'><strong>aestate</strong></span> <span class='ocrx_word' id='word_1_61' title='bbox 931 1812 1019 1856; x_wconf 85' lang='lat' dir='ltr'><strong>enno</strong></span> <span class='ocrx_word' id='word_1_62' title='bbox 1035 1790 1176 1855; x_wconf 80' lang='lat' dir='ltr'><strong>&#39;domini</strong></span> <span class='ocrx_word' id='word_1_63' title='bbox 1208 1807 1358 1857; x_wconf 80' lang='lat' dir='ltr'><strong>uconxx.</strong></span> <span class='ocrx_word' id='word_1_64' title='bbox 1392 1789 1492 1854; x_wconf 88' lang='lat' dir='ltr'><strong>daba-</strong></span> 
     </span>
     <span class='ocr_line' id='line_1_10' title="bbox 439 1891 1491 1979; baseline 0.001 -26"><span class='ocrx_word' id='word_1_65' title='bbox 439 1902 558 1975; x_wconf 83' lang='lat' dir='ltr'><strong>turque</strong></span> <span class='ocrx_word' id='word_1_66' title='bbox 591 1892 756 1957; x_wconf 84' lang='lat' dir='ltr'><strong>tricesima</strong></span> <span class='ocrx_word' id='word_1_67' title='bbox 790 1914 849 1979; x_wconf 91' lang='lat' dir='ltr'><strong>per</strong></span> <span class='ocrx_word' id='word_1_68' title='bbox 880 1897 986 1958; x_wconf 85' lang='lat' dir='ltr'><strong>totam</strong></span> <span class='ocrx_word' id='word_1_69' title='bbox 1022 1892 1174 1978; x_wconf 83' lang='lat' dir='ltr'><strong>Angliam</strong></span> <span class='ocrx_word' id='word_1_70' title='bbox 1207 1891 1250 1956; x_wconf 95' lang='lat' dir='ltr'><strong>ob</strong></span> <span class='ocrx_word' id='word_1_71' title='bbox 1280 1891 1367 1957; x_wconf 87' lang='lat' dir='ltr'><strong>hanc</strong></span> <span class='ocrx_word' id='word_1_72' title='bbox 1401 1892 1491 1976; x_wconf 90' lang='lat' dir='ltr'><strong>piam</strong></span> 
     </span>
     <span class='ocr_line' id='line_1_11' title="bbox 272 1991 1492 2061; baseline -0.002 -2"><span class='ocrx_word' id='word_1_73' title='bbox 272 2008 362 2060; x_wconf 74' lang='lat' dir='ltr'><strong>Princo</strong></span> <span class='ocrx_word' id='word_1_74' title='bbox 440 2014 579 2059; x_wconf 88' lang='lat' dir='ltr'><strong>causam.</strong></span> <span class='ocrx_word' id='word_1_75' title='bbox 626 1994 770 2059; x_wconf 82' lang='lat' dir='ltr'><strong>Veniens</strong></span> <span class='ocrx_word' id='word_1_76' title='bbox 793 2000 905 2060; x_wconf 87' lang='lat' dir='ltr'><strong>autem</strong></span> <span class='ocrx_word' id='word_1_77' title='bbox 928 1995 1014 2061; x_wconf 86' lang='lat' dir='ltr'><strong>circa</strong></span> <span class='ocrx_word' id='word_1_78' title='bbox 1043 1993 1167 2061; x_wconf 84' lang='lat' dir='ltr'><strong>festum</strong></span> <span class='ocrx_word' id='word_1_79' title='bbox 1190 1994 1297 2060; x_wconf 83' lang='lat' dir='ltr'><strong>sancti</strong></span> <span class='ocrx_word' id='word_1_80' title='bbox 1321 1991 1492 2059; x_wconf 79' lang='lat' dir='ltr'><strong>Michaelis</strong></span> 
     </span>
     <span class='ocr_line' id='line_1_12' title="bbox 271 2076 1493 2205; baseline 0 -46"><span class='ocrx_word' id='word_1_81' title='bbox 271 2076 382 2205; x_wconf 55' lang='lat' dir='ltr'><strong>ss‘ffl</strong></span> <span class='ocrx_word' id='word_1_82' title='bbox 440 2096 529 2181; x_wconf 90' lang='lat' dir='ltr'><strong>apud</strong></span> <span class='ocrx_word' id='word_1_83' title='bbox 553 2096 770 2183; x_wconf 83' lang='lat' dir='ltr'><strong>Egermorth¹</strong></span> <span class='ocrx_word' id='word_1_84' title='bbox 801 2118 875 2181; x_wconf 85' lang='lat' dir='ltr'><strong>quae</strong></span> <span class='ocrx_word' id='word_1_85' title='bbox 897 2097 1001 2161; x_wconf 89' lang='lat' dir='ltr'><strong>distat</strong></span> <span class='ocrx_word' id='word_1_86' title='bbox 1031 2118 1051 2162; x_wconf 91' lang='lat' dir='ltr'><strong>a</strong></span> <span class='ocrx_word' id='word_1_87' title='bbox 1083 2095 1230 2162; x_wconf 87' lang='lat' dir='ltr'><strong>Marsilio</strong></span> <span class='ocrx_word' id='word_1_88' title='bbox 1264 2095 1358 2160; x_wconf 87' lang='lat' dir='ltr'><strong>xviii.</strong></span> <span class='ocrx_word' id='word_1_89' title='bbox 1390 2095 1493 2161; x_wconf 87' lang='lat' dir='ltr'><strong>leucis</strong></span> 
     </span>
     <span class='ocr_line' id='line_1_13' title="bbox 440 2197 1493 2283; baseline 0.002 -24"><span class='ocrx_word' id='word_1_90' title='bbox 440 2218 555 2261; x_wconf 87' lang='lat' dir='ltr'><strong>versus</strong></span> <span class='ocrx_word' id='word_1_91' title='bbox 578 2198 788 2278; x_wconf 87' lang='lat' dir='ltr'><strong>occidentem,</strong></span> <span class='ocrx_word' id='word_1_92' title='bbox 811 2197 935 2263; x_wconf 89' lang='lat' dir='ltr'><strong>ibidem</strong></span> <span class='ocrx_word' id='word_1_93' title='bbox 958 2219 1077 2263; x_wconf 85' lang='lat' dir='ltr'><strong>navem</strong></span> <span class='ocrx_word' id='word_1_94' title='bbox 1100 2198 1257 2275; x_wconf 85' lang='lat' dir='ltr'><strong>ascendit,</strong></span> <span class='ocrx_word' id='word_1_95' title='bbox 1277 2206 1316 2282; x_wconf 85' lang='lat' dir='ltr'><strong>et</strong></span> <span class='ocrx_word' id='word_1_96' title='bbox 1338 2217 1493 2283; x_wconf 90' lang='lat' dir='ltr'><strong>prospero</strong></span> 
     </span>
     <span class='ocr_line' id='line_1_14' title="bbox 440 2298 1492 2385; baseline 0.002 -24"><span class='ocrx_word' id='word_1_97' title='bbox 440 2304 542 2363; x_wconf 86' lang='lat' dir='ltr'><strong>vento</strong></span> <span class='ocrx_word' id='word_1_98' title='bbox 566 2298 638 2365; x_wconf 90' lang='lat' dir='ltr'><strong>vela</strong></span> <span class='ocrx_word' id='word_1_99' title='bbox 660 2298 812 2365; x_wconf 82' lang='lat' dir='ltr'><strong>laxantes</strong></span> <span class='ocrx_word' id='word_1_100' title='bbox 834 2304 870 2365; x_wconf 89' lang='lat' dir='ltr'><strong>et</strong></span> <span class='ocrx_word' id='word_1_101' title='bbox 891 2320 951 2385; x_wconf 90' lang='lat' dir='ltr'><strong>pro</strong></span> <span class='ocrx_word' id='word_1_102' title='bbox 973 2304 1052 2365; x_wconf 86' lang='lat' dir='ltr'><strong>voto</strong></span> <span class='ocrx_word' id='word_1_103' title='bbox 1067 2300 1336 2385; x_wconf 85' lang='lat' dir='ltr'><strong>profisciscentes,</strong></span> <span class='ocrx_word' id='word_1_104' title='bbox 1365 2298 1492 2365; x_wconf 87' lang='lat' dir='ltr'><strong>decimo</strong></span> 
     </span>
     <span class='ocr_line' id='line_1_15' title="bbox 440 2400 1490 2488; baseline -0.001 -23"><span class='ocrx_word' id='word_1_105' title='bbox 440 2400 493 2465; x_wconf 93' lang='lat' dir='ltr'><strong>die</strong></span> <span class='ocrx_word' id='word_1_106' title='bbox 531 2402 693 2487; x_wconf 84' lang='lat' dir='ltr'><strong>applicuit</strong></span> <span class='ocrx_word' id='word_1_107' title='bbox 737 2402 827 2488; x_wconf 88' lang='lat' dir='ltr'><strong>apud</strong></span> <span class='ocrx_word' id='word_1_108' title='bbox 864 2401 1021 2479; x_wconf 70' lang='lat' dir='ltr'><strong>thonos,2</strong></span> <span class='ocrx_word' id='word_1_109' title='bbox 1055 2406 1289 2487; x_wconf 87' lang='lat' dir='ltr'><strong>susceptusque</strong></span> <span class='ocrx_word' id='word_1_110' title='bbox 1328 2406 1379 2467; x_wconf 88' lang='lat' dir='ltr'><strong>est</strong></span> <span class='ocrx_word' id='word_1_111' title='bbox 1415 2422 1490 2467; x_wconf 91' lang='lat' dir='ltr'><strong>cum</strong></span> 
     </span>
     <span class='ocr_line' id='line_1_16' title="bbox 438 2502 1490 2592; baseline -0.001 -25"><span class='ocrx_word' id='word_1_112' title='bbox 438 2502 598 2569; x_wconf 87' lang='lat' dir='ltr'><strong>immenso</strong></span> <span class='ocrx_word' id='word_1_113' title='bbox 632 2505 753 2592; x_wconf 84' lang='lat' dir='ltr'><strong>gaudio</strong></span> <span class='ocrx_word' id='word_1_114' title='bbox 791 2526 812 2569; x_wconf 90' lang='lat' dir='ltr'><strong>a</strong></span> <span class='ocrx_word' id='word_1_115' title='bbox 849 2504 981 2590; x_wconf 82' lang='lat' dir='ltr'><strong>regibus</strong></span> <span class='ocrx_word' id='word_1_116' title='bbox 1014 2504 1215 2570; x_wconf 86' lang='lat' dir='ltr'><strong>Christianis</strong></span> <span class='ocrx_word' id='word_1_117' title='bbox 1252 2523 1334 2589; x_wconf 92' lang='lat' dir='ltr'><strong>quos</strong></span> <span class='ocrx_word' id='word_1_118' title='bbox 1367 2502 1490 2567; x_wconf 89' lang='lat' dir='ltr'><strong>ibidem</strong></span> 
     </span>
     <span class='ocr_line' id='line_1_17' title="bbox 271 2604 1490 2693; baseline -0.002 -22"><span class='ocrx_word' id='word_1_119' title='bbox 271 2620 391 2672; x_wconf 72' lang='lat' dir='ltr'><strong>werre·</strong></span> <span class='ocrx_word' id='word_1_120' title='bbox 438 2604 578 2684; x_wconf 90' lang='lat' dir='ltr'><strong>invenit,</strong></span> <span class='ocrx_word' id='word_1_121' title='bbox 611 2628 633 2671; x_wconf 89' lang='lat' dir='ltr'><strong>a</strong></span> <span class='ocrx_word' id='word_1_122' title='bbox 665 2628 741 2693; x_wconf 83' lang='lat' dir='ltr'><strong>rege</strong></span> <span class='ocrx_word' id='word_1_123' title='bbox 774 2606 922 2671; x_wconf 85' lang='lat' dir='ltr'><strong>Franciee</strong></span> <span class='ocrx_word' id='word_1_124' title='bbox 953 2605 1107 2691; x_wconf 91' lang='lat' dir='ltr'><strong>Philippo</strong></span> <span class='ocrx_word' id='word_1_125' title='bbox 1130 2607 1188 2691; x_wconf 91' lang='lat' dir='ltr'><strong>qui</strong></span> <span class='ocrx_word' id='word_1_126' title='bbox 1211 2626 1331 2670; x_wconf 89' lang='lat' dir='ltr'><strong>nomen</strong></span> <span class='ocrx_word' id='word_1_127' title='bbox 1364 2604 1490 2691; x_wconf 83' lang='lat' dir='ltr'><strong>regium</strong></span> 
     </span>
     <span class='ocr_line' id='line_1_18' title="bbox 268 2686 1490 2807; baseline -0.002 -36"><span class='ocrx_word' id='word_1_128' title='bbox 268 2686 403 2807; x_wconf 54' lang='lat' dir='ltr'><strong>ffiffl}</strong></span> <span class='ocrx_word' id='word_1_129' title='bbox 439 2708 576 2772; x_wconf 87' lang='lat' dir='ltr'><strong>sortitus</strong></span> <span class='ocrx_word' id='word_1_130' title='bbox 610 2712 661 2772; x_wconf 86' lang='lat' dir='ltr'><strong>est</strong></span> <span class='ocrx_word' id='word_1_131' title='bbox 697 2714 773 2793; x_wconf 91' lang='lat' dir='ltr'><strong>post</strong></span> <span class='ocrx_word' id='word_1_132' title='bbox 809 2713 949 2773; x_wconf 89' lang='lat' dir='ltr'><strong>mortem</strong></span> <span class='ocrx_word' id='word_1_133' title='bbox 998 2708 1102 2793; x_wconf 85' lang='lat' dir='ltr'><strong>patris</strong></span> <span class='ocrx_word' id='word_1_134' title='bbox 1140 2708 1192 2771; x_wconf 89' lang='lat' dir='ltr'><strong>sui</strong></span> <span class='ocrx_word' id='word_1_135' title='bbox 1230 2706 1396 2772; x_wconf 85' lang='lat' dir='ltr'><strong>Lodowici</strong></span> <span class='ocrx_word' id='word_1_136' title='bbox 1433 2705 1490 2791; x_wconf 90' lang='lat' dir='ltr'><strong>qui</strong></span> 
     </span>
     <span class='ocr_line' id='line_1_19' title="bbox 269 2808 1490 2893; baseline 0.002 -23"><span class='ocrx_word' id='word_1_137' title='bbox 269 2821 377 2883; x_wconf 64' lang='lat' dir='ltr'><strong>pouces.</strong></span> <span class='ocrx_word' id='word_1_138' title='bbox 438 2809 538 2893; x_wconf 88' lang='lat' dir='ltr'><strong>paulo</strong></span> <span class='ocrx_word' id='word_1_139' title='bbox 569 2816 648 2876; x_wconf 89' lang='lat' dir='ltr'><strong>ante</strong></span> <span class='ocrx_word' id='word_1_140' title='bbox 681 2810 805 2875; x_wconf 87' lang='lat' dir='ltr'><strong>ibidem</strong></span> <span class='ocrx_word' id='word_1_141' title='bbox 838 2810 1014 2877; x_wconf 83' lang='lat' dir='ltr'><strong>defunctus</strong></span> <span class='ocrx_word' id='word_1_142' title='bbox 1046 2814 1104 2886; x_wconf 83' lang='lat' dir='ltr'><strong>est,</strong></span> <span class='ocrx_word' id='word_1_143' title='bbox 1137 2815 1172 2874; x_wconf 89' lang='lat' dir='ltr'><strong>et</strong></span> <span class='ocrx_word' id='word_1_144' title='bbox 1204 2830 1226 2875; x_wconf 84' lang='lat' dir='ltr'><strong>a</strong></span> <span class='ocrx_word' id='word_1_145' title='bbox 1258 2808 1382 2875; x_wconf 90' lang='lat' dir='ltr'><strong>Karolo</strong></span> <span class='ocrx_word' id='word_1_146' title='bbox 1415 2830 1490 2893; x_wconf 84' lang='lat' dir='ltr'><strong>rege</strong></span> 
     </span>
     <span class='ocr_line' id='line_1_20' title="bbox 438 2907 1492 2998; baseline 0 -23"><span class='ocrx_word' id='word_1_147' title='bbox 438 2909 562 2977; x_wconf 82' lang='lat' dir='ltr'><strong>Siciliae</strong></span> <span class='ocrx_word' id='word_1_148' title='bbox 596 2918 631 2977; x_wconf 90' lang='lat' dir='ltr'><strong>et</strong></span> <span class='ocrx_word' id='word_1_149' title='bbox 663 2912 737 2977; x_wconf 88' lang='lat' dir='ltr'><strong>aliis</strong></span> <span class='ocrx_word' id='word_1_150' title='bbox 764 2912 892 2977; x_wconf 82' lang='lat' dir='ltr'><strong>duobus</strong></span> <span class='ocrx_word' id='word_1_151' title='bbox 923 2912 1055 2998; x_wconf 86' lang='lat' dir='ltr'><strong>regibus</strong></span> <span class='ocrx_word' id='word_1_152' title='bbox 1079 2910 1204 2977; x_wconf 88' lang='lat' dir='ltr'><strong>scilicet</strong></span> <span class='ocrx_word' id='word_1_153' title='bbox 1235 2907 1431 2977; x_wconf 80' lang='lat' dir='ltr'><strong>Navarriae³</strong></span> <span class='ocrx_word' id='word_1_154' title='bbox 1457 2917 1492 2975; x_wconf 88' lang='lat' dir='ltr'><strong>et</strong></span> 
     </span>
     <span class='ocr_line' id='line_1_21' title="bbox 437 3013 1490 3101; baseline -0.004 -21"><span class='ocrx_word' id='word_1_155' title='bbox 437 3013 630 3099; x_wconf 82' lang='lat' dir='ltr'><strong>Aragonum</strong></span> <span class='ocrx_word' id='word_1_156' title='bbox 642 3039 651 3095; x_wconf 93' lang='lat'>;</span> <span class='ocrx_word' id='word_1_157' title='bbox 684 3035 796 3079; x_wconf 85' lang='lat' dir='ltr'><strong>omnes</strong></span> <span class='ocrx_word' id='word_1_158' title='bbox 820 3015 877 3079; x_wconf 89' lang='lat' dir='ltr'><strong>isti</strong></span> <span class='ocrx_word' id='word_1_159' title='bbox 899 3036 991 3101; x_wconf 87' lang='lat' dir='ltr'><strong>reges</strong></span> <span class='ocrx_word' id='word_1_160' title='bbox 1018 3019 1241 3080; x_wconf 87' lang='lat' dir='ltr'><strong>convenerant</strong></span> <span class='ocrx_word' id='word_1_161' title='bbox 1263 3036 1322 3099; x_wconf 91' lang='lat' dir='ltr'><strong>pro</strong></span> <span class='ocrx_word' id='word_1_162' title='bbox 1344 3013 1414 3078; x_wconf 87' lang='lat' dir='ltr'><strong>zelo</strong></span> <span class='ocrx_word' id='word_1_163' title='bbox 1436 3013 1490 3077; x_wconf 91' lang='lat' dir='ltr'><strong>dci</strong></span> 
     </span>
     <span class='ocr_line' id='line_1_22' title="bbox 437 3116 1490 3203; baseline -0.004 -21"><span class='ocrx_word' id='word_1_164' title='bbox 437 3123 472 3182; x_wconf 89' lang='lat' dir='ltr'><strong>et</strong></span> <span class='ocrx_word' id='word_1_165' title='bbox 505 3118 627 3203; x_wconf 90' lang='lat' dir='ltr'><strong>populo</strong></span> <span class='ocrx_word' id='word_1_166' title='bbox 659 3117 795 3185; x_wconf 83' lang='lat' dir='ltr'><strong>Christi.</strong></span> <span class='ocrx_word' id='word_1_167' title='bbox 854 3117 930 3202; x_wconf 92' lang='lat' dir='ltr'><strong>Ipse</strong></span> <span class='ocrx_word' id='word_1_168' title='bbox 954 3118 1054 3183; x_wconf 90' lang='lat' dir='ltr'><strong>etiam</strong></span> <span class='ocrx_word' id='word_1_169' title='bbox 1079 3116 1262 3181; x_wconf 84' lang='lat' dir='ltr'><strong>Edwardus</strong></span> <span class='ocrx_word' id='word_1_170' title='bbox 1296 3137 1356 3201; x_wconf 89' lang='lat' dir='ltr'><strong>pro</strong></span> <span class='ocrx_word' id='word_1_171' title='bbox 1390 3138 1424 3179; x_wconf 87' lang='lat' dir='ltr'><strong>se</strong></span> <span class='ocrx_word' id='word_1_172' title='bbox 1456 3120 1490 3179; x_wconf 92' lang='lat' dir='ltr'><strong>et</strong></span> 
     </span>
     <span class='ocr_line' id='line_1_23' title="bbox 437 3218 1489 3307; baseline -0.003 -23"><span class='ocrx_word' id='word_1_173' title='bbox 437 3242 496 3305; x_wconf 91' lang='lat' dir='ltr'><strong>pro</strong></span> <span class='ocrx_word' id='word_1_174' title='bbox 518 3227 620 3307; x_wconf 89' lang='lat' dir='ltr'><strong>patre,</strong></span> <span class='ocrx_word' id='word_1_175' title='bbox 644 3227 680 3287; x_wconf 89' lang='lat' dir='ltr'><strong>et</strong></span> <span class='ocrx_word' id='word_1_176' title='bbox 701 3220 867 3286; x_wconf 88' lang='lat' dir='ltr'><strong>Henrious</strong></span> <span class='ocrx_word' id='word_1_177' title='bbox 889 3218 978 3285; x_wconf 88' lang='lat' dir='ltr'><strong>filius</strong></span> <span class='ocrx_word' id='word_1_178' title='bbox 1001 3219 1087 3306; x_wconf 86' lang='lat' dir='ltr'><strong>regis</strong></span> <span class='ocrx_word' id='word_1_179' title='bbox 1110 3218 1293 3284; x_wconf 83' lang='lat' dir='ltr'><strong>Alemaniae</strong></span> <span class='ocrx_word' id='word_1_180' title='bbox 1316 3240 1376 3303; x_wconf 89' lang='lat' dir='ltr'><strong>pro</strong></span> <span class='ocrx_word' id='word_1_181' title='bbox 1394 3223 1489 3302; x_wconf 84' lang='lat' dir='ltr'><strong>patre</strong></span> 
     </span>
     <span class='ocr_line' id='line_1_24' title="bbox 436 3320 1489 3405; baseline -0.002 -19"><span class='ocrx_word' id='word_1_182' title='bbox 436 3344 496 3386; x_wconf 89' lang='lat' dir='ltr'><strong>suo</strong></span> <span class='ocrx_word' id='word_1_183' title='bbox 518 3324 670 3388; x_wconf 88' lang='lat' dir='ltr'><strong>similiter</strong></span> <span class='ocrx_word' id='word_1_184' title='bbox 691 3323 855 3388; x_wconf 88' lang='lat' dir='ltr'><strong>veniebat.</strong></span> <span class='ocrx_word' id='word_1_185' title='bbox 896 3322 963 3389; x_wconf 88' lang='lat' dir='ltr'><strong>Hic</strong></span> <span class='ocrx_word' id='word_1_186' title='bbox 985 3322 1085 3389; x_wconf 86' lang='lat' dir='ltr'><strong>etiarn</strong></span> <span class='ocrx_word' id='word_1_187' title='bbox 1107 3322 1271 3386; x_wconf 87' lang='lat' dir='ltr'><strong>Henricus</strong></span> <span class='ocrx_word' id='word_1_188' title='bbox 1292 3320 1381 3384; x_wconf 87' lang='lat' dir='ltr'><strong>filius</strong></span> <span class='ocrx_word' id='word_1_189' title='bbox 1403 3321 1489 3405; x_wconf 83' lang='lat' dir='ltr'><strong>regis</strong></span> 
     </span>
     <span class='ocr_line' id='line_1_25' title="bbox 265 3422 1487 3510; baseline -0.005 -18"><span class='ocrx_word' id='word_1_190' title='bbox 265 3444 409 3496; x_wconf 68' lang='lat' dir='ltr'><strong>Merserat</strong></span> <span class='ocrx_word' id='word_1_191' title='bbox 436 3424 618 3490; x_wconf 78' lang='lat' dir='ltr'><strong>Alemaniae</strong></span> <span class='ocrx_word' id='word_1_192' title='bbox 653 3426 689 3488; x_wconf 93' lang='lat' dir='ltr'><strong>in</strong></span> <span class='ocrx_word' id='word_1_193' title='bbox 722 3424 890 3489; x_wconf 89' lang='lat' dir='ltr'><strong>redeundo</strong></span> <span class='ocrx_word' id='word_1_194' title='bbox 913 3430 1027 3510; x_wconf 87' lang='lat' dir='ltr'><strong>postea</strong></span> <span class='ocrx_word' id='word_1_195' title='bbox 1050 3424 1093 3489; x_wconf 84' lang='lat' dir='ltr'><strong>ad</strong></span> <span class='ocrx_word' id='word_1_196' title='bbox 1114 3430 1244 3509; x_wconf 85' lang='lat' dir='ltr'><strong>patrem</strong></span> <span class='ocrx_word' id='word_1_197' title='bbox 1267 3422 1356 3507; x_wconf 91' lang='lat' dir='ltr'><strong>apud</strong></span> <span class='ocrx_word' id='word_1_198' title='bbox 1379 3422 1487 3487; x_wconf 87' lang='lat' dir='ltr'><strong>Viter-</strong></span> 
     </span>
     <span class='ocr_line' id='line_1_26' title="bbox 266 3510 1489 3612; baseline 0 -23"><span class='ocrx_word' id='word_1_199' title='bbox 266 3510 416 3562; x_wconf 71' lang='lat' dir='ltr'><strong>Virerboof</strong></span> <span class='ocrx_word' id='word_1_200' title='bbox 436 3526 529 3590; x_wconf 90' lang='lat' dir='ltr'><strong>bium</strong></span> <span class='ocrx_word' id='word_1_201' title='bbox 560 3527 596 3590; x_wconf 92' lang='lat' dir='ltr'><strong>in</strong></span> <span class='ocrx_word' id='word_1_202' title='bbox 630 3527 702 3612; x_wconf 87' lang='lat' dir='ltr'><strong>ipsa</strong></span> <span class='ocrx_word' id='word_1_203' title='bbox 725 3526 850 3612; x_wconf 84' lang='lat' dir='ltr'><strong>capella</strong></span> <span class='ocrx_word' id='word_1_204' title='bbox 872 3548 948 3591; x_wconf 90' lang='lat' dir='ltr'><strong>cum</strong></span> <span class='ocrx_word' id='word_1_205' title='bbox 970 3526 1104 3590; x_wconf 85' lang='lat' dir='ltr'><strong>missam</strong></span> <span class='ocrx_word' id='word_1_206' title='bbox 1127 3524 1258 3590; x_wconf 81' lang='lat' dir='ltr'><strong>audiret</strong></span> <span class='ocrx_word' id='word_1_207' title='bbox 1281 3524 1404 3590; x_wconf 87' lang='lat' dir='ltr'><strong>occisus</strong></span> <span class='ocrx_word' id='word_1_208' title='bbox 1438 3529 1489 3589; x_wconf 88' lang='lat' dir='ltr'><strong>cst</strong></span> 
     </span>
    </p>
   </div>
   <div class='ocr_carea' id='block_1_3' title="bbox 265 3576 1489 3714">
    <p class='ocr_par' dir='ltr' id='par_1_3' title="bbox 265 3576 1489 3714">
     <span class='ocr_line' id='line_1_27' title="bbox 265 3576 1489 3714; baseline -0.002 -23"><span class='ocrx_word' id='word_1_209' title='bbox 265 3576 422 3712; x_wconf 54' lang='lat' dir='ltr'><strong>oufeppppppg</strong></span> <span class='ocrx_word' id='word_1_210' title='bbox 435 3650 494 3714; x_wconf 89' lang='lat' dir='ltr'><strong>per</strong></span> <span class='ocrx_word' id='word_1_211' title='bbox 538 3627 724 3693; x_wconf 71' lang='lat' dir='ltr'><strong>(luidonem</strong></span> <span class='ocrx_word' id='word_1_212' title='bbox 766 3626 806 3691; x_wconf 90' lang='lat' dir='ltr'><strong>de</strong></span> <span class='ocrx_word' id='word_1_213' title='bbox 852 3627 966 3692; x_wconf 85' lang='lat' dir='ltr'><strong>Monte</strong></span> <span class='ocrx_word' id='word_1_214' title='bbox 996 3628 1074 3692; x_wconf 87' lang='lat' dir='ltr'><strong>forti</strong></span> <span class='ocrx_word' id='word_1_215' title='bbox 1109 3630 1143 3691; x_wconf 86' lang='lat' dir='ltr'><strong>et</strong></span> <span class='ocrx_word' id='word_1_216' title='bbox 1181 3626 1335 3691; x_wconf 89' lang='lat' dir='ltr'><strong>comitem</strong></span> <span class='ocrx_word' id='word_1_217' title='bbox 1361 3624 1489 3689; x_wconf 85' lang='lat' dir='ltr'><strong>Rosso⁴</strong></span> 
     </span>
    </p>
   </div>
   <div class='ocr_carea' id='block_1_4' title="bbox 265 3709 347 3760">
    <p class='ocr_par' dir='ltr' id='par_1_4' title="bbox 265 3709 347 3760">
     <span class='ocr_line' id='line_1_28' title="bbox 265 3709 347 3760; baseline 0.037 -3"><span class='ocrx_word' id='word_1_218' title='bbox 265 3709 294 3757; x_wconf 83' lang='lat' dir='ltr'><strong>oi</strong></span> <span class='ocrx_word' id='word_1_219' title='bbox 304 3710 347 3760; x_wconf 86' lang='lat' dir='ltr'><strong>the</strong></span> 
     </span>
    </p>
   </div>
   <div class='ocr_carea' id='block_1_5' title="bbox 265 3727 1485 3827">
    <p class='ocr_par' dir='ltr' id='par_1_5' title="bbox 265 3727 1485 3827">
     <span class='ocr_line' id='line_1_29' title="bbox 265 3727 1485 3827; baseline -0.007 -27"><span class='ocrx_word' id='word_1_220' title='bbox 265 3775 387 3827; x_wconf 73' lang='lat' dir='ltr'><strong>Romans.</strong></span> <span class='ocrx_word' id='word_1_221' title='bbox 435 3729 528 3814; x_wconf 83' lang='lat' dir='ltr'><strong>cujus</strong></span> <span class='ocrx_word' id='word_1_222' title='bbox 550 3729 653 3794; x_wconf 88' lang='lat' dir='ltr'><strong>filiam</strong></span> <span class='ocrx_word' id='word_1_223' title='bbox 668 3729 739 3815; x_wconf 93' lang='lat' dir='ltr'><strong>ipse</strong></span> <span class='ocrx_word' id='word_1_224' title='bbox 758 3728 868 3794; x_wconf 85' lang='lat' dir='ltr'><strong>Guido</strong></span> <span class='ocrx_word' id='word_1_225' title='bbox 890 3728 1042 3805; x_wconf 85' lang='lat' dir='ltr'><strong>duxerat,</strong></span> <span class='ocrx_word' id='word_1_226' title='bbox 1063 3729 1100 3792; x_wconf 90' lang='lat' dir='ltr'><strong>in</strong></span> <span class='ocrx_word' id='word_1_227' title='bbox 1122 3727 1284 3793; x_wconf 89' lang='lat' dir='ltr'><strong>ultionem</strong></span> <span class='ocrx_word' id='word_1_228' title='bbox 1308 3727 1485 3813; x_wconf 87' lang='lat' dir='ltr'><strong>patrissui</strong></span> 
     </span>
    </p>
   </div>
   <div class='ocr_carea' id='block_1_6' title="bbox 432 3830 1485 4224">
    <p class='ocr_par' dir='ltr' id='par_1_6' title="bbox 435 3830 751 3916">
     <span class='ocr_line' id='line_1_30' title="bbox 435 3830 751 3916; baseline 0 -20"><span class='ocrx_word' id='word_1_229' title='bbox 435 3830 565 3897; x_wconf 83' lang='lat' dir='ltr'><strong>comitis</strong></span> <span class='ocrx_word' id='word_1_230' title='bbox 588 3830 751 3916; x_wconf 86' lang='lat' dir='ltr'><strong>Symonis.</strong></span> 
     </span>
    </p>

    <p class='ocr_par' dir='ltr' id='par_1_7' title="bbox 432 3932 1485 4224">
     <span class='ocr_line' id='line_1_31' title="bbox 478 3932 1485 4020; baseline -0.001 -22"><span class='ocrx_word' id='word_1_231' title='bbox 478 3932 672 4020; x_wconf 85' lang='lat' dir='ltr'><strong>Cumquea</strong></span> <span class='ocrx_word' id='word_1_232' title='bbox 703 3934 871 4020; x_wconf 76' lang='lat' dir='ltr'><strong>praedietis</strong></span> <span class='ocrx_word' id='word_1_233' title='bbox 895 3932 1029 4019; x_wconf 83' lang='lat' dir='ltr'><strong>regibus</strong></span> <span class='ocrx_word' id='word_1_234' title='bbox 1052 3932 1275 3999; x_wconf 82' lang='lat' dir='ltr'><strong>sciscitaretur</strong></span> <span class='ocrx_word' id='word_1_235' title='bbox 1302 3932 1485 3997; x_wconf 80' lang='lat' dir='ltr'><strong>Edwardns</strong></span> 
     </span>
     <span class='ocr_line' id='line_1_32' title="bbox 434 4031 1485 4122; baseline -0.003 -21"><span class='ocrx_word' id='word_1_236' title='bbox 434 4036 515 4121; x_wconf 89' lang='lat' dir='ltr'><strong>quid</strong></span> <span class='ocrx_word' id='word_1_237' title='bbox 543 4036 645 4102; x_wconf 88' lang='lat' dir='ltr'><strong>fieret.</strong></span> <span class='ocrx_word' id='word_1_238' title='bbox 691 4036 945 4121; x_wconf 81' lang='lat' dir='ltr'><strong>Responderunt</strong></span> <span class='ocrx_word' id='word_1_239' title='bbox 967 4035 1007 4113; x_wconf 92' lang='lat' dir='ltr'><strong>ei,</strong></span> <span class='ocrx_word' id='word_1_240' title='bbox 1030 4036 1118 4121; x_wconf 92' lang='lat' dir='ltr'><strong>quod</strong></span> <span class='ocrx_word' id='word_1_241' title='bbox 1142 4031 1317 4122; x_wconf 81' lang='lat' dir='ltr'><strong>princeps⁵</strong></span> <span class='ocrx_word' id='word_1_242' title='bbox 1339 4034 1485 4101; x_wconf 83' lang='lat' dir='ltr'><strong>civitatis</strong></span> 
     </span>
     <span class='ocr_line' id='line_1_33' title="bbox 432 4137 1485 4224; baseline -0.001 -22"><span class='ocrx_word' id='word_1_243' title='bbox 432 4139 530 4204; x_wconf 85' lang='lat' dir='ltr'><strong>istius</strong></span> <span class='ocrx_word' id='word_1_244' title='bbox 563 4160 639 4204; x_wconf 91' lang='lat' dir='ltr'><strong>cum</strong></span> <span class='ocrx_word' id='word_1_245' title='bbox 660 4137 831 4222; x_wconf 84' lang='lat' dir='ltr'><strong>adjacente</strong></span> <span class='ocrx_word' id='word_1_246' title='bbox 857 4138 1028 4224; x_wconf 85' lang='lat' dir='ltr'><strong>provincia</strong></span> <span class='ocrx_word' id='word_1_247' title='bbox 1062 4138 1228 4203; x_wconf 90' lang='lat' dir='ltr'><strong>tributum</strong></span> <span class='ocrx_word' id='word_1_248' title='bbox 1251 4137 1387 4203; x_wconf 87' lang='lat' dir='ltr'><strong>reddere</strong></span> <span class='ocrx_word' id='word_1_249' title='bbox 1409 4158 1485 4203; x_wconf 88' lang='lat' dir='ltr'><strong>con·</strong></span> 
     </span>
    </p>
   </div>
   <div class='ocr_carea' id='block_1_7' title="bbox 429 4358 1486 4985">
    <p class='ocr_par' dir='ltr' id='par_1_8' title="bbox 429 4358 1486 4985">
     <span class='ocr_line' id='line_1_34' title="bbox 465 4358 1486 4429; baseline -0.005 -15"><span class='ocrx_word' id='word_1_250' title='bbox 465 4364 474 4396; x_wconf 94' lang='lat'>¹</span> <span class='ocrx_word' id='word_1_251' title='bbox 489 4362 530 4415; x_wconf 85' lang='lat' dir='ltr'><strong>i.e.</strong></span> <span class='ocrx_word' id='word_1_252' title='bbox 542 4362 744 4429; x_wconf 75' lang='lat' dir='ltr'><strong>Aiguesmortes.</strong></span> <span class='ocrx_word' id='word_1_253' title='bbox 984 4360 1037 4412; x_wconf 87' lang='lat' dir='ltr'><strong>ina</strong></span> <span class='ocrx_word' id='word_1_254' title='bbox 1054 4363 1120 4413; x_wconf 88' lang='lat' dir='ltr'><strong>later</strong></span> <span class='ocrx_word' id='word_1_255' title='bbox 1138 4361 1215 4424; x_wconf 83' lang='lat' dir='ltr'><strong>hond,</strong></span> <span class='ocrx_word' id='word_1_256' title='bbox 1226 4362 1272 4411; x_wconf 86' lang='lat' dir='ltr'><strong>but</strong></span> <span class='ocrx_word' id='word_1_257' title='bbox 1294 4360 1314 4411; x_wconf 87' lang='lat' dir='ltr'><strong>it</strong></span> <span class='ocrx_word' id='word_1_258' title='bbox 1336 4358 1358 4411; x_wconf 81' lang='lat' dir='ltr'><strong>is</strong></span> <span class='ocrx_word' id='word_1_259' title='bbox 1375 4358 1486 4427; x_wconf 78' lang='lat' dir='ltr'><strong>illegible</strong></span> 
     </span>
     <span class='ocr_line' id='line_1_35' title="bbox 464 4439 1483 4507; baseline -0.007 -13"><span class='ocrx_word' id='word_1_260' title='bbox 464 4443 533 4494; x_wconf 80' lang='lat' dir='ltr'><strong>²i.e.</strong></span> <span class='ocrx_word' id='word_1_261' title='bbox 544 4442 633 4494; x_wconf 74' lang='lat' dir='ltr'><strong>runis.</strong></span> <span class='ocrx_word' id='word_1_262' title='bbox 983 4441 1093 4507; x_wconf 82' lang='lat' dir='ltr'><strong>through</strong></span> <span class='ocrx_word' id='word_1_263' title='bbox 1104 4442 1148 4493; x_wconf 88' lang='lat' dir='ltr'><strong>the</strong></span> <span class='ocrx_word' id='word_1_264' title='bbox 1159 4442 1213 4492; x_wconf 81' lang='lat' dir='ltr'><strong>lire.</strong></span> <span class='ocrx_word' id='word_1_265' title='bbox 1247 4440 1303 4491; x_wconf 88' lang='lat' dir='ltr'><strong>The</strong></span> <span class='ocrx_word' id='word_1_266' title='bbox 1315 4455 1390 4490; x_wconf 84' lang='lat' dir='ltr'><strong>name</strong></span> <span class='ocrx_word' id='word_1_267' title='bbox 1400 4439 1430 4489; x_wconf 85' lang='lat' dir='ltr'><strong>of</strong></span> <span class='ocrx_word' id='word_1_268' title='bbox 1439 4440 1483 4488; x_wconf 88' lang='lat' dir='ltr'><strong>the</strong></span> 
     </span>
     <span class='ocr_line' id='line_1_36' title="bbox 464 4516 1486 4586; baseline -0.005 -14"><span class='ocrx_word' id='word_1_269' title='bbox 464 4520 654 4586; x_wconf 55' lang='lat' dir='ltr'><strong>&#39;Novamym</strong></span> <span class='ocrx_word' id='word_1_270' title='bbox 681 4520 756 4573; x_wconf 83' lang='lat' dir='ltr'>MSS.</span> <span class='ocrx_word' id='word_1_271' title='bbox 807 4518 876 4570; x_wconf 84' lang='lat' dir='ltr'><strong>Here</strong></span> <span class='ocrx_word' id='word_1_272' title='bbox 903 4518 932 4569; x_wconf 90' lang='lat' dir='ltr'><strong>iu</strong></span> <span class='ocrx_word' id='word_1_273' title='bbox 983 4518 1164 4571; x_wconf 71' lang='lat' dir='ltr'><strong>father-iudam</strong></span> <span class='ocrx_word' id='word_1_274' title='bbox 1186 4519 1215 4570; x_wconf 84' lang='lat' dir='ltr'><strong>oi</strong></span> <span class='ocrx_word' id='word_1_275' title='bbox 1249 4520 1309 4584; x_wconf 81' lang='lat' dir='ltr'><strong>Guy</strong></span> <span class='ocrx_word' id='word_1_276' title='bbox 1331 4534 1384 4568; x_wconf 79' lang='lat' dir='ltr'><strong>was</strong></span> <span class='ocrx_word' id='word_1_277' title='bbox 1411 4516 1486 4567; x_wconf 86' lang='lat' dir='ltr'><strong>Ildri·</strong></span> 
     </span>
     <span class='ocr_line' id='line_1_37' title="bbox 430 4595 1485 4666; baseline -0.009 -12"><span class='ocrx_word' id='word_1_278' title='bbox 430 4604 493 4655; x_wconf 87' lang='lat' dir='ltr'><strong>both</strong></span> <span class='ocrx_word' id='word_1_279' title='bbox 527 4604 602 4653; x_wconf 86' lang='lat' dir='ltr'>MSS.</span> <span class='ocrx_word' id='word_1_280' title='bbox 634 4602 731 4653; x_wconf 72' lang='lat' dir='ltr'><strong>scilicet</strong></span> <span class='ocrx_word' id='word_1_281' title='bbox 761 4601 783 4653; x_wconf 90' lang='lat' dir='ltr'><strong>is</strong></span> <span class='ocrx_word' id='word_1_282' title='bbox 811 4602 932 4666; x_wconf 81' lang='lat' dir='ltr'><strong>repeated</strong></span> <span class='ocrx_word' id='word_1_283' title='bbox 982 4598 1085 4649; x_wconf 80' lang='lat' dir='ltr'><strong>buldino</strong></span> <span class='ocrx_word' id='word_1_284' title='bbox 1123 4600 1205 4649; x_wconf 79' lang='lat' dir='ltr'><strong>Romo</strong></span> <span class='ocrx_word' id='word_1_285' title='bbox 1239 4598 1297 4649; x_wconf 87' lang='lat' dir='ltr'><strong>dell&#39;</strong></span> <span class='ocrx_word' id='word_1_286' title='bbox 1327 4595 1485 4662; x_wconf 77' lang='lat' dir='ltr'><strong>Anguillnra.</strong></span> 
     </span>
     <span class='ocr_line' id='line_1_38' title="bbox 430 4676 1485 4748; baseline -0.008 -16"><span class='ocrx_word' id='word_1_287' title='bbox 430 4682 554 4748; x_wconf 79' lang='lat' dir='ltr'><strong>wrongly.</strong></span> <span class='ocrx_word' id='word_1_288' title='bbox 982 4678 1036 4728; x_wconf 77' lang='lat' dir='ltr'><strong>The</strong></span> <span class='ocrx_word' id='word_1_289' title='bbox 1047 4692 1120 4727; x_wconf 85' lang='lat' dir='ltr'><strong>name</strong></span> <span class='ocrx_word' id='word_1_290' title='bbox 1133 4676 1216 4727; x_wconf 80' lang='lat' dir='ltr'><strong>Rosso</strong></span> <span class='ocrx_word' id='word_1_291' title='bbox 1234 4676 1256 4727; x_wconf 88' lang='lat' dir='ltr'><strong>is</strong></span> <span class='ocrx_word' id='word_1_292' title='bbox 1267 4676 1430 4741; x_wconf 82' lang='lat' dir='ltr'><strong>represented</strong></span> <span class='ocrx_word' id='word_1_293' title='bbox 1450 4676 1485 4740; x_wconf 81' lang='lat' dir='ltr'><strong>by</strong></span> 
     </span>
     <span class='ocr_line' id='line_1_39' title="bbox 462 4755 1486 4823; baseline -0.006 -13"><span class='ocrx_word' id='word_1_294' title='bbox 462 4760 611 4820; x_wconf 73' lang='lat' dir='ltr'><strong>‘liar-mm,</strong></span> <span class='ocrx_word' id='word_1_295' title='bbox 623 4762 678 4811; x_wconf 85' lang='lat' dir='ltr'><strong>MS.</strong></span> <span class='ocrx_word' id='word_1_296' title='bbox 713 4759 813 4809; x_wconf 81' lang='lat' dir='ltr'><strong>Reeris</strong></span> <span class='ocrx_word' id='word_1_297' title='bbox 831 4760 931 4811; x_wconf 85' lang='lat' dir='ltr'><strong>written</strong></span> <span class='ocrx_word' id='word_1_298' title='bbox 983 4756 1109 4823; x_wconf 79' lang='lat' dir='ltr'><strong>Rususin</strong></span> <span class='ocrx_word' id='word_1_299' title='bbox 1127 4756 1185 4809; x_wconf 82' lang='lat' dir='ltr'><strong>MS.</strong></span> <span class='ocrx_word' id='word_1_300' title='bbox 1206 4757 1302 4807; x_wconf 86' lang='lat' dir='ltr'><strong>Lansd.</strong></span> <span class='ocrx_word' id='word_1_301' title='bbox 1316 4756 1437 4817; x_wconf 62' lang='lat' dir='ltr'><strong>mand</strong></span> <span class='ocrx_word' id='word_1_302' title='bbox 1451 4755 1486 4819; x_wconf 85' lang='lat' dir='ltr'><strong>by</strong></span> 
     </span>
     <span class='ocr_line' id='line_1_40' title="bbox 429 4834 1423 4899; baseline -0.008 -8"><span class='ocrx_word' id='word_1_303' title='bbox 429 4841 510 4891; x_wconf 84' lang='lat' dir='ltr'><strong>above</strong></span> <span class='ocrx_word' id='word_1_304' title='bbox 529 4839 573 4888; x_wconf 87' lang='lat' dir='ltr'><strong>the</strong></span> <span class='ocrx_word' id='word_1_305' title='bbox 593 4838 643 4889; x_wconf 87' lang='lat' dir='ltr'><strong>line</strong></span> <span class='ocrx_word' id='word_1_306' title='bbox 662 4840 690 4887; x_wconf 91' lang='lat' dir='ltr'><strong>iu</strong></span> <span class='ocrx_word' id='word_1_307' title='bbox 705 4840 747 4898; x_wconf 73' lang='lat' dir='ltr'><strong>A„</strong></span> <span class='ocrx_word' id='word_1_308' title='bbox 765 4840 816 4888; x_wconf 86' lang='lat' dir='ltr'><strong>and</strong></span> <span class='ocrx_word' id='word_1_309' title='bbox 835 4854 869 4888; x_wconf 92' lang='lat' dir='ltr'><strong>on</strong></span> <span class='ocrx_word' id='word_1_310' title='bbox 887 4840 931 4889; x_wconf 84' lang='lat' dir='ltr'><strong>the</strong></span> <span class='ocrx_word' id='word_1_311' title='bbox 983 4834 1124 4887; x_wconf 71' lang='lat' dir='ltr'><strong>Batmiu</strong></span> <span class='ocrx_word' id='word_1_312' title='bbox 1136 4836 1195 4888; x_wconf 85' lang='lat' dir='ltr'><strong>Chr.</strong></span> <span class='ocrx_word' id='word_1_313' title='bbox 1207 4835 1283 4886; x_wconf 86' lang='lat' dir='ltr'><strong>Oxen</strong></span> <span class='ocrx_word' id='word_1_314' title='bbox 1297 4838 1336 4899; x_wconf 87' lang='lat' dir='ltr'><strong>(p.</strong></span> <span class='ocrx_word' id='word_1_315' title='bbox 1348 4836 1423 4897; x_wconf 78' lang='lat'>2³8).</span> 
     </span>
     <span class='ocr_line' id='line_1_41' title="bbox 429 4914 1458 4985; baseline -0.006 -14"><span class='ocrx_word' id='word_1_316' title='bbox 429 4916 568 4985; x_wconf 74' lang='lat' dir='ltr'><strong>margines</strong></span> <span class='ocrx_word' id='word_1_317' title='bbox 586 4914 856 4971; x_wconf 62' lang='lat' dir='ltr'><strong>mensuremus</strong></span> <span class='ocrx_word' id='word_1_318' title='bbox 871 4924 932 4970; x_wconf 84' lang='lat' dir='ltr'><strong>note</strong></span> <span class='ocrx_word' id='word_1_319' title='bbox 1016 4916 1026 4949; x_wconf 79' lang='lat'><strong><em>⁵</em></strong></span> <span class='ocrx_word' id='word_1_320' title='bbox 1041 4914 1234 4982; x_wconf 41' lang='lat' dir='ltr'><strong>pompeam</strong></span> <span class='ocrx_word' id='word_1_321' title='bbox 1249 4914 1391 4983; x_wconf 72' lang='lat' dir='ltr'><strong>principes,</strong></span> <span class='ocrx_word' id='word_1_322' title='bbox 1402 4914 1458 4965; x_wconf 83' lang='lat' dir='ltr'><strong>MS.</strong></span> 
     </span>
    </p>
   </div>
   <div class='ocr_carea' id='block_1_8' title="bbox 0 0 1818 5784">
    <p class='ocr_par' dir='ltr' id='par_1_9' title="bbox 0 0 1818 5784">
     <span class='ocr_line' id='line_1_42' title="bbox 0 0 1818 5784; baseline 0 0"><span class='ocrx_word' id='word_1_323' title='bbox 0 0 1818 5784; x_wconf 95' lang='lat' dir='ltr'><strong> </strong></span> 
     </span>
    </p>
   </div>
  </div>
 </body>
</html>
