3625 5784
634 881 903 936 uureasramsm
927 886 1136 939 ennomcou.
1339 876 1404 943 239

252 1123 258 1137 .
352 1066 456 1152 ipsius
480 1074 579 1148 tenet,
604 1077 638 1136 et
661 1075 771 1139 caeteri
795 1075 922 1141 domini
944 1075 1091 1143 habeant
1113 1086 1217 1144 terras
1240 1078 1281 1144 de
1298 1078 1406 1145 feodis
1418 1082 1527 1151 English

178 2081 262 2145 Τηι.
275 2082 322 2133 col.

176 2155 251 2204 2446.

352 1182 464 1236 eorum
489 1195 592 1259 usque
616 1175 658 1240 ad
682 1181 816 1243 aetatem
840 1178 989 1258 haeredis,
1006 1186 1040 1246 et
1063 1186 1207 1247 escaetas
1230 1186 1265 1247 et
1282 1151 1566 1283 releviass'fflffl

350 1274 576 1362 unusquisque
614 1299 728 1344 eorum
766 1281 946 1346 secundum
984 1289 1112 1368 partem
1151 1281 1545 1350 tenurae¹suassns1=nt

351 1375 551 1443 Statuerunt
573 1379 709 1466 insuper
731 1382 820 1467 quod
842 1383 928 1448 lanae
950 1389 1048 1450 terrae
1071 1391 1342 1471 compararentur
1367 1385 1404 1450 in
1565 1383 1573 1400 '

350 1477 473 1565 Anglia
504 1502 564 1546 nec
595 1483 789 1570 alienigenis
835 1485 1065 1563 venderentur,
1100 1493 1133 1552 et
1168 1486 1257 1572 quod
1291 1509 1403 1554 omnes

350 1585 525 1646 uterentur
554 1585 672 1671 pannis
706 1585 809 1652 laneis
843 1587 931 1652 infra
962 1588 1085 1652 limites
1119 1593 1216 1654 terrae
1249 1589 1402 1674 operatis,

349 1705 410 1749 nec
444 1685 544 1750 nimis
581 1689 741 1774 preciosas
775 1694 882 1756 vestes
923 1697 1114 1777 quaererent.
1188 1690 1275 1756 Item
1313 1690 1402 1778 quod

349 1809 509 1874 expensas
548 1791 750 1877 voluptarias
789 1798 823 1856 et
853 1793 1035 1879 superfluas
1070 1814 1181 1859 omnes
1215 1815 1274 1880 pro
1308 1815 1402 1879 posse

348 1891 544 1958 devitarent.
590 1894 668 1958 Alia
706 1895 857 1981 quaedam
894 1900 1025 1962 statuta
1063 1901 1141 1962 sunt
1178 1902 1213 1963 et
1247 1897 1400 1962 ordinum

348 2015 422 2080 quae
457 2017 555 2060 causa
577 1995 753 2062 brevitatis
785 1997 910 2083 scripta
932 2019 1000 2062 non
1031 2002 1111 2063 sunt
1144 1997 1181 2062 in
1212 1997 1298 2064 libro
1328 1997 1398 2065 hoc.

349 2098 534 2186 Moratiquo
566 2104 645 2164 sunt
668 2099 790 2163 ibidem
825 2120 884 2184 per
907 2099 978 2164 dies
1000 2120 1055 2165 xv.
1079 2104 1113 2164 ct
1148 2099 1247 2164 multi
1269 2120 1398 2167 veneno
1410 2109 1493 2177 Many

346 2202 523 2286 perierunt.
570 2201 747 2266 Extinctus
771 2200 846 2266 est²
868 2201 958 2265 enim
985 2200 1087 2265 abbas
1109 2180 1535 2294 wesmannus-33¹3&

347 2305 433 2369 ensis
449 2305 501 2369 vir
516 2305 632 2390 utique
663 2303 783 2369 nobilis
815 2309 849 2368 et
865 2303 1032 2382 discretus,
1049 2308 1084 2368 et
1096 2302 1281 2368 Willelmus
1296 2304 1399 2369 frater
1410 2311 1512 2362 munci}

346 2407 475 2473 comitis
522 2406 708 2472 Glorerniae
757 2407 809 2470 vir
854 2405 1123 2472 commendabilis
1161 2411 1196 2472 et
1233 2413 1396 2473 strenuus.
1410 2390 1541 2506 ffim

346 2509 420 2595 Ipse
444 2510 545 2575 etiam
583 2531 690 2574 comes
713 2508 898 2574 Gloverniae
922 2510 958 2573 in
981 2531 1060 2574 cura
1082 2508 1270 2575 medicinali
1293 2531 1397 2595 usque

344 2612 387 2678 ad
411 2612 678 2699 *assumptionem
716 2612 894 2700 persistens
926 2612 1061 2677 tandem
1093 2633 1169 2679 eum
1201 2611 1397 2680 difficultate

343 2715 490 2780 maxime
534 2720 674 2780 mortem
720 2714 836 2779 evasit¹
885 2713 1084 2779 Ceciderunt
1128 2715 1217 2779 enim
1255 2715 1315 2800 pili
1353 2737 1396 2781 ex

343 2819 450 2903 capite
474 2817 544 2902 ejus
568 2822 603 2882 et
625 2838 752 2902 ungues
780 2838 820 2881 ex
845 2816 999 2881 manibus
1017 2816 1095 2900 ejus.
1139 2815 1259 2880 Noluit
1281 2821 1393 2882 autem
1407 2833 1531 2888 Burcoa

342 2919 495 2986 dominus
527 2926 622 2985 tanto
653 2919 857 2984 necessitatis
902 2917 1041 2983 articulo
1075 2923 1111 2983 et
1142 2923 1212 2982 tam
1245 2902 1542 3017 evidentiffisslssffd

341 3024 487 3110 periculo
532 3024 637 3109 ipsius
682 3021 874 3108 praesentia.
905 3021 1065 3106 Angliam
1110 3020 1250 3086 viduari.
1310 3021 1393 3102 Quae
1407 2983 1538 3088 melanto

340 3127 474 3210 quidem
498 3125 616 3190 seditio
640 3125 797 3210 imposita
819 3123 884 3187 fuit
920 3129 955 3188 et
977 3122 1145 3208 imputata
1178 3121 1308 3187 cuidam
1331 3099 1529 3203 mi-‘h‘¹‚⁸¹¹‘¹·

339 3226 393 3290 liti
416 3226 563 3292 Waltero
594 3228 635 3292 de
659 3227 841 3312 Stonenay,
867 3231 901 3290 et
934 3224 977 3289 ad
1011 3224 1179 3312 appellum
1217 3225 1392 3291 comitissae
1405 3192 1517 3310 fffif

339 3329 380 3394 de
426 3329 540 3395 Insula
585 3327 886 3415 comprehenditur,
925 3327 1099 3412 judicatur
1157 3331 1192 3392 et
1236 3327 1391 3395 trahitur.
1404 3324 1546 3441 glutorum

338 3431 499 3498 Videntes
521 3437 633 3498 autem
656 3437 829 3519 magnates
855 3429 1001 3517 pericula
1023 3429 1131 3495 multa
1153 3430 1214 3497 nee
1236 3430 1391 3516 expedire
1423 3398 1540 3460 “m'‘

336 3535 372 3599 in
395 3535 551 3621 praesenti
566 3535 739 3600 consilium
762 3533 921 3612 revelare,
944 3531 1157 3599 clauserunt³
1179 3532 1333 3599 ordinata
1356 3538 1390 3600 et

336 3637 454 3723 sigillis
477 3637 683 3724 singulorum
706 3637 909 3711 munierunt,
931 3639 1117 3700 statuentes
1139 3635 1228 3702 diem
1260 3641 1388 3702 certum
1401 3643 1536 3720 ᾙιοᾱεοῑ-
1620 3628 1624 3632 “

336 3761 357 3804 a
391 3738 476 3804 festo
499 3739 605 3806 sancti
640 3737 811 3804 Michaelis
845 3739 881 3803 in
903 3758 961 3802 xv.
984 3737 1055 3802 dies
1090 3741 1130 3802 ut
1164 3759 1278 3803 omnes
1311 3761 1387 3803 con·
1400 3713 1533 3830 {affi-

334 3841 489 3907 venirent
522 3841 712 3920 Loudoniae,
746 3845 780 3906 et
814 3845 924 3905 essent
957 3840 1066 3927 parati
1100 3862 1175 3906 cum
1209 3841 1310 3906 armis
1343 3840 1386 3906 ad
1400 3841 1504 3908 eillept

1399 3917 1480 3960 secret
1491 3912 1532 3964 for
1621 3928 1623 3931 ·

333 3943 570 4031 perficiendum
594 3943 681 4030 quod
705 3943 905 4030 inceperant.
951 3942 1163 4009 Adveniente
1194 3943 1299 4030 igitur
1321 3943 1386 4023 die,
1399 3976 1494 4029 asmo.

332 4051 559 4113 convenerunt
582 4067 695 4111 omnes
718 4050 753 4112 et
785 4043 924 4131 singulis
946 4043 1062 4109 diebus
1085 4045 1182 4130 quasi
1203 4066 1263 4131 per
1294 4067 1385 4111 men-

332 4169 401 4214 sem
445 4149 613 4234 integrum
658 4147 695 4212 in
740 4146 883 4213 consiliis
929 4146 1152 4231 persistebant
1196 4150 1231 4212 et
1275 4146 1384 4214 armis.

331 4251 478 4317 Tandem
509 4249 679 4338 publicata
713 4255 792 4315 sunt
829 4247 942 4316 omnia
973 4254 1008 4315 et
1039 4248 1228 4317 executioni
1251 4254 1384 4316 senteu-

330 4353 457 4420 tialiter
479 4353 686 4420 demandata

363 4607 371 4639 ¹
391 4614 494 4668 tenura,
507 4607 559 4666 A.;
577 4609 693 4664 lennem,
705 4603 761 4655 MS.
913 4601 925 4635 ⁸
940 4601 1096 4663 clamarunt,
1107 4601 1157 4663 Δ.;
1174 4600 1311 4662 eluceant,
1322 4603 1380 4657 Ma.

363 4687 373 4720 ¹
390 4692 425 4738 est
436 4686 457 4738 is
469 4685 568 4739 written
580 4685 661 4738 above
681 4685 724 4737 the
741 4684 792 4738 line
803 4683 831 4736 in

330 4769 364 4822 A.
