3625 5784
384 870 449 933 262
718 884 865 937 susarcl
888 886 1070 939 rurenses

381 1082 503 1163 perunt
529 1099 614 1155 eum,
641 1077 729 1141 inter
761 1098 841 1162 quos
872 1080 967 1163 quasi
1005 1081 1130 1166 primus
1161 1081 1300 1145 extitit1
1331 1102 1437 1147 comes

382 1177 596 1244 Glouoestrire
635 1185 669 1243 et
707 1180 818 1243 caeteri
850 1181 975 1265 regales
1006 1182 1064 1267 qui
1105 1181 1194 1269 apud
1222 1182 1365 1248 Bristow
1401 1190 1435 1248 et

382 1283 419 1345 in
445 1283 586 1347 confinio
610 1281 682 1368 ejus
713 1282 770 1347 diu
795 1290 1051 1368 permanserant,
1078 1285 1248 1369 crevitque
1278 1286 1313 1348 in
1340 1286 1434 1351 brevi

384 1390 530 1469 tempore
561 1385 725 1449 exercitus
756 1384 826 1469 ejus
857 1384 894 1447 in
932 1384 1138 1450 immensum.
1198 1385 1271 1466 Quo
1302 1387 1434 1472 cognito

214 1510 345 1561 Alamos
382 1486 498 1551 timuit
524 1487 587 1551 sibi
614 1508 721 1552 comcs
745 1487 987 1572 Leycestmnsis
1009 1487 1135 1573 Symon
1157 1488 1199 1552 de
1225 1488 1432 1565 Monteforte‚

214 1578 350 1694 {mgb
381 1594 415 1652 et
442 1589 576 1651 mittens
604 1588 639 1651 in
667 1586 821 1653 Walliam
847 1589 983 1654 vocavit
1009 1589 1086 1653 inde
1117 1590 1239 1654 multos
1270 1596 1304 1655 et
1332 1591 1433 1655 robur

213 1708 354 1761 hiseome-
382 1690 433 1753 sui
460 1691 623 1754 exercitus
649 1712 691 1753 ex
716 1672 900 1774 omniqua
926 1690 1036 1775 potuit
1063 1696 1157 1777 parte
1182 1690 1429 1777 multiplicavit.

214 1786 300 1892 (ἐξὲξ
383 1791 475 1854 Misit
521 1790 622 1854 etiam
666 1790 843 1875 Symonem
882 1790 989 1855 filium
1029 1812 1124 1854 suum
1176 1790 1219 1856 ad
1262 1797 1432 1878 magnates

216 1917 306 1959 merus.
381 1893 519 1957 boriales
546 1898 585 1957 ut
611 1914 764 1957 eoscum
791 1895 879 1957 omni
900 1893 1116 1958 festinatione
1132 1894 1318 1959 adduceret.
1365 1893 1430 1975 Qui

380 1995 573 2059 coadunatis
603 1994 717 2085 multis
747 1995 816 2059 fere
847 2018 904 2059 xx.
936 1994 1118 2060 banarettis
1143 2002 1178 2061 et
1202 1995 1296 2082 plebe
1324 1995 1431 2061 multa

381 2096 462 2162 iecit
499 2096 738 2181 aliquantisper
779 2096 1025 2161 festinationem
1065 2097 1154 2182 apud
1201 2102 1345 2163 castnrm
1391 2098 1432 2163 dc

213 2217 336 2279 Tuepre
382 2198 626 2283 Kenylworthe.
674 2198 878 2262 Nunciatum
906 2202 957 2261 est
982 2198 1044 2263 hoc
1071 2198 1235 2262 Eduardo
1255 2198 1325 2262 filio
1348 2200 1432 2286 regis

211 2281 342 2398 ξξθᾞζ
379 2323 438 2387 per
453 2301 692 2385 exploratorem
708 2321 804 2363 suum
822 2299 985 2385 Margoth,
1002 2320 1076 2384 quae
1099 2320 1173 2363 cum
1199 2299 1317 2365 mulier
1339 2308 1434 2377 asset,

212 2416 304 2493 kqown
318 2420 344 2462 to
380 2404 416 2466 in
438 2408 529 2466 veste
554 2408 665 2465 tamen
697 2399 795 2479 virili,
826 2402 920 2465 velut
951 2400 1049 2466 homo
1071 2400 1293 2487 gradiebatur,
1316 2408 1351 2466 et
1374 2424 1433 2488 per

212 2494 328 2597 ffiffffi·
381 2503 564 2568 liudulfum
594 2503 636 2567 de
666 2502 814 2567 Arderne
844 2504 901 2587 qui
929 2524 1003 2567 cum
1028 2508 1115 2567 essct
1142 2525 1184 2567 ex
1209 2508 1305 2588 parte
1325 2504 1431 2568 altera

379 2603 570 2670 consocius²
607 2610 721 2669 tamen
750 2604 898 2690 prodidit
930 2611 965 2668 et
994 2604 1131 2691 decepit.
1188 2604 1334 2689 Eratque
1366 2604 1431 2668 lid·

379 2707 510 2771 wardus
548 2712 628 2771 tunc
667 2707 703 2770 in
736 2706 923 2771 Wircestn'a
953 2727 1052 2790 quam
1084 2710 1158 2791 post
1191 2706 1428 2773 Glaucestriem

211 2834 351 2883 Remove
379 2810 478 2897 paulo
501 2814 580 2874 ante
606 2810 781 2883 devicerat,
805 2815 839 2873 et
863 2812 996 2894 accepto
1020 2810 1141 2874 nuncio
1168 2829 1364 2894 consurgens
1389 2809 1430 2873 de

210 2899 237 3014 {1¹3
248 2899 355 3015 iffimm
378 2918 473 2977 nocte
494 2912 579 2977 abiit
599 2919 634 2976 et
654 2912 866 2997 pervenitad
891 2912 1000 2976 locum
1024 2932 1122 2996 quem
1149 2912 1430 2995 praeordinaverat

212 2982 363 3082 discessor.
377 3014 581 3099 exploratrix
618 3014 678 3078 illa
707 3013 750 3076 ad
780 3013 976 3077 armandum
1010 3034 1051 3077 se.
1099 3012 1180 3077 Erat
1214 3013 1302 3077 enim
1334 3012 1430 3076 vallis

377 3117 542 3202 profunda
576 3122 611 3179 et
645 3136 746 3200 prope
777 3113 884 3178 locum
915 3114 1022 3178 castri.
1070 3113 1224 3199 Dumque
1263 3120 1430 3179 armarent

377 3242 411 3283 se
434 3225 468 3283 et
483 3240 583 3303 equos
605 3217 782 3302 cingerent,
796 3216 978 3281 audiebant
999 3217 1144 3281 sonitum
1168 3238 1189 3279 a
1209 3216 1305 3302 longe
1321 3216 1428 3300 [veni-

378 3320 528 3405 entem]³
549 3326 584 3385 et
606 3320 779 3394 timebant,
803 3318 957 3396 dicentes,
983 3318 1206 3383 “Pramuniti
1223 3322 1302 3382 sunt
1317 3317 1429 3382 hostes

377 3432 393 3458 “
415 3423 519 3487 nostri
544 3428 578 3487 et
604 3442 676 3487 ecce
695 3422 765 3506 jam
791 3422 951 3500 veniunt;
964 3422 980 3446 '¹
1004 3422 1187 3505 statimque
1210 3421 1428 3487 ascenderunt

376 3547 476 3611 equos
514 3532 550 3590 et
583 3526 712 3590 lanceas
747 3524 783 3589 in
820 3524 976 3588 manibus
1014 3524 1229 3609 adaptabant.
1278 3523 1428 3609 Cumque

209 3642 278 3705 They
290 3657 348 3705 eap-
375 3628 574 3692 direxissent
605 3626 690 3692 acies
720 3645 797 3690 suas
819 3630 899 3689 ante
923 3624 1105 3689 diluculum
1129 3626 1164 3689 et
1194 3625 1429 3710 processissent

207 3716 343 3822 {⁰‘⁰⁸J’¹¹¹⁰
375 3731 411 3793 in
456 3730 584 3806 itinere,
621 3732 787 3792 venerunt
824 3726 971 3791 hostium
1022 3727 1130 3811 longae
1180 3726 1351 3811 quadrigae
1389 3732 1429 3789 ut

207 3789 329 3890 diffide
374 3831 534 3896 victualia
566 3833 761 3915 quaererent,
797 3831 831 3892 et
865 3828 1022 3893 continuo
1045 3834 1150 3912 captae
1173 3833 1253 3891 sunt
1285 3831 1320 3891 et
1351 3828 1427 3911 equi

207 3908 309 4038 me
375 3932 546 3998 distributi
572 3933 608 3996 in
632 3931 703 3996 loco
726 3931 924 3995 lassatorum
948 3950 1106 4015 equorum
1141 3950 1199 4015 per
1227 3930 1427 3995 exercitum.

375 4035 590 4101 Procedentes
621 4054 701 4098 vero
723 4032 782 4097 et⁴
803 4032 967 4096 irruentes
989 4032 1026 4094 in
1048 4030 1158 4097 hostes
1181 4051 1309 4095 summo
1341 4030 1427 4094 dilu-

374 4136 447 4201 culo
479 4136 681 4201 invenerunt
714 4156 769 4199 eos
792 4133 993 4197 dormientes
1017 4132 1052 4195 in
1076 4131 1156 4197 villa
1190 4136 1224 4196 et
1258 4131 1426 4208 abbathia,

375 4248 410 4303 ct
432 4243 526 4303 eraut
548 4236 647 4301 multi
670 4234 794 4298 minuti
817 4232 979 4319 sanguine
1004 4253 1109 4298 venae.

420 4339 601 4424 Peremptis
625 4357 702 4423 ergo
725 4334 840 4400 multis
863 4334 904 4400 de
927 4334 1094 4399 communi
1125 4333 1247 4420 populo
1270 4338 1428 4419 ceperunt

373 4443 462 4507 circa
499 4440 688 4526 quindecim
723 4436 914 4503 vexillarios
948 4434 1068 4502 electos
1102 4442 1137 4501 et
1170 4435 1276 4521 spolia
1311 4435 1424 4502 multa

407 4742 504 4791 ¹Here
523 4754 558 4789 ou
575 4738 638 4787 both
656 4736 770 4801 margins
788 4734 810 4785 is
829 4734 872 4784 De
957 4734 1135 4802 ³vem'ealem]
1156 4736 1222 4785 from
1233 4735 1288 4796 A.;
1306 4750 1356 4786 om.
1368 4734 1424 4785 MS.

373 4818 542 4885 Keaylwortlr
554 4825 578 4868 et
590 4816 654 4869 bello
666 4814 844 4866 delicatum.
957 4814 1022 4880 ⁴0l]
1043 4815 1127 4865 added
1138 4829 1172 4865 on
1183 4812 1228 4863 the
1239 4814 1339 4881 margin
1351 4813 1377 4863 iu
1389 4814 1423 4863 A.

405 4900 416 4932 ²
432 4898 569 4953 maserias.
586 4898 621 4948 A,
654 4895 791 4949 consedes.
802 4892 860 4945 MS.
