3625 5784
632 887 902 940 LEYOFSTRENSIS
924 889 1135 941 caueamus.
1332 879 1399 943 405

350 1077 476 1143 dictum
499 1077 682 1159 Robertum
704 1078 791 1144 Brus
825 1079 1049 1164 sequebantur
1070 1085 1105 1146 et
1135 1080 1340 1169 fugaverunt
1366 1082 1401 1146 in

350 1179 517 1264 quendam
550 1179 728 1245 mariscum
760 1184 795 1246 et
827 1179 971 1259 boscum,
1003 1183 1092 1248 unde
1126 1204 1186 1248 neo
1219 1187 1402 1270 potuerunt
1452 1215 1459 1224 ·

350 1281 428 1345 inde
460 1281 551 1346 exire
583 1303 644 1346 nco
682 1281 745 1368 ipsi
784 1281 826 1346 ad
866 1302 921 1348 eos
959 1283 1058 1349 adire.
1104 1283 1178 1350 Rex
1215 1285 1401 1351 Edwardus
1412 1305 1504 1358 Princo

351 1382 586 1448 misitania
624 1404 721 1448 suum
761 1382 964 1450 adrasum
1002 1386 1092 1472 apud
1133 1386 1321 1452 consona
1357 1375 1535 1504 ciffi,

352 1483 617 1570 desponsandum
650 1484 753 1548 filiam
778 1485 865 1573 regis
889 1486 1038 1552 Francius
1059 1486 1206 1574 Philippi
1229 1492 1329 1574 prout
1352 1509 1400 1552 or.
1413 1507 1459 1556 the

351 1585 501 1651 dinatum
518 1585 631 1650 fuerat
646 1591 680 1652 et
695 1586 945 1672 dispensatum¹
960 1610 1021 1674 per
1035 1610 1156 1675 papam
1178 1589 1401 1655 Bonclaciam.
1415 1573 1540 1688 ὝΜ

1415 1639 1499 1690 oie

351 1686 424 1751 Rex
448 1686 632 1752 Edwardus
655 1693 814 1776 aegrotare
834 1687 961 1776 coepit²
982 1691 1023 1755 de
1038 1691 1181 1776 quodam
1204 1690 1300 1756 fluxu
1322 1691 1516 1756 dumFrenen

351 1789 503 1854 tenderet
530 1790 570 1854 de
605 1789 755 1855 Karliolo
778 1812 894 1856 versus
929 1789 1083 1868 Scotiam‚
1105 1797 1140 1858 et
1161 1792 1241 1857 dum
1273 1771 1486 1858 veuirctkinss·

351 1890 440 1977 apud
464 1890 613 1979 Burgum
637 1913 736 1978 super
758 1891 912 1957 sabulum
936 1892 1027 1959 obiit.
1415 1862 1560 1980 {msa

183 1999 329 2059 cistrensis,
396 2002 459 2058 Rex
482 2003 642 2059 Edwardus
664 2004 738 2058 obiit
761 2003 808 2060 die
831 2004 1032 2060 translationis
1053 2005 1148 2060 sancti
1178 2005 1298 2061 Thomas
1317 2003 1404 2076 juxta

185 2069 202 2118 ¹·
215 2073 237 2118 ⁷
249 2083 272 2118 ⁰·
283 2071 326 2118 ⁴¹
353 2091 517 2148 Karliolum
552 2091 631 2165 apud
668 2093 800 2164 Burgum
832 2111 919 2166 super
952 2094 1086 2150 sabulum
1117 2095 1207 2150 mv⁰
1239 2093 1325 2166 regni
1356 2096 1402 2150 sui

184 2158 330 2275 gfflem·
354 2199 440 2238 anno.
486 2180 577 2254 Oujus
599 2181 711 2238 obitum
735 2181 879 2238 Robertus
910 2182 1128 2240 cantuariensis
1150 2183 1302 2257 episcopus
1324 2185 1403 2257 apud

355 2272 466 2328 curiam
497 2271 659 2328 Romanam
684 2272 805 2327 exulans
835 2272 868 2328 in
890 2275 1021 2344 sompnia
1044 2274 1131 2330 vidit.
1178 2273 1233 2329 Oui
1263 2272 1402 2330 successit

354 2361 514 2417 Edwardus
535 2361 613 2418 filius
635 2365 703 2416 suus
726 2366 792 2433 post
806 2367 997 2434 conquestum
1022 2363 1173 2420 secundus.
1223 2363 1281 2433 Qui
1301 2365 1402 2418 statim

354 2439 527 2507 revocarit8
549 2452 690 2507 amasium
724 2469 810 2507 suum
842 2451 964 2506 Petrum
998 2452 1034 2508 de
1066 2451 1218 2518 (issviston¹
1242 2454 1290 2508 cui
1321 2451 1403 2508 dedit

185 2534 330 2598 TV5⁸·⁰⁰¹·
355 2540 493 2596 ducatum
517 2540 672 2596 Oomubin
695 2559 728 2597 ac
751 2539 898 2596 commisit
920 2541 1225 2613 custodiamAnglioe
1247 2543 1318 2597 dum
1340 2541 1402 2614 ipsa

187 2606 261 2652 Μ’
354 2635 518 2686 moraretur
546 2632 625 2686 circa
654 2630 773 2702 nuptias
796 2630 828 2684 in
851 2629 984 2702 partibus
1014 2631 1227 2686 transmarinis
1272 2630 1403 2686 Duxerat

354 2719 432 2774 enirn
465 2719 622 2775 Isabellanr
653 2719 745 2775 filiam
767 2720 885 2775 unicam
906 2719 1037 2792 Philippi
1060 2720 1141 2792 regia
1163 2719 1295 2776 Mucias
1325 2719 1404 2791 apud

354 2809 527 2876 Bononiam,
559 2811 610 2882 qui
640 2809 708 2864 inde
731 2807 857 2875 rediens,
882 2815 1035 2866 coronatus
1058 2815 1102 2864 cst
1133 2809 1166 2864 in
1195 2826 1295 2880 regem
1325 2808 1405 2880 apud

354 2895 648 2955 westmonasterium
678 2901 716 2954 ab
746 2899 882 2971 episcopo
903 2898 1103 2954 Wintouieusi
1125 2899 1299 2955 auctoritate
1321 2916 1404 2970 papea

355 2986 516 3045 Clementis
559 2987 716 3045 Dominica
754 2987 1008 3060 quinquagesima,
1052 3005 1086 3044 eo
1135 2987 1215 3060 quod
1263 2988 1407 3043 Robertus

355 3075 574 3135 Gantuariansis
595 3083 667 3134 tunc
690 3077 768 3150 apud
791 3078 916 3133 Rarum
938 3078 1082 3134 exulabat.

285 3201 296 3213 ·
401 3172 502 3250 Nota,
523 3172 582 3237 ubi
605 3171 687 3238 dicit
709 3171 886 3237 Oistrensis
909 3169 1099 3257 Philippum
1126 3191 1236 3258 regem
1260 3170 1544 3261 FranciaeAnermr

356 3274 478 3340 habere
516 3273 647 3339 unicam
682 3271 783 3338 solam
823 3271 927 3336 filiam
964 3272 1138 3349 claudicat,
1174 3293 1252 3336 nam
1290 3251 1588 3336 habuit⁰ffl¹⁸⁶ffl⁴

356 3377 439 3442 duas
470 3375 566 3453 filias,
593 3395 733 3460 quarum
768 3374 930 3439 seniorem
953 3395 1012 3438 rex
1044 3373 1225 3439 Navemiae
1256 3374 1409 3450 duxerat,

357 3479 419 3544 iste
442 3499 521 3543 vero
553 3498 612 3542 rex
637 3475 821 3541 Edwardus
844 3477 1015 3551 minorem,
1037 3480 1077 3541 ut
1099 3475 1190 3540 infra
1211 3476 1341 3563 patebit
1373 3476 1409 3540 in

356 3603 417 3646 suo
451 3579 530 3646 loco.
575 3579 693 3644 Petrus
727 3578 768 3642 de
803 3577 967 3642 Gavistou
1004 3577 1182 3642 dummodo
1215 3578 1411 3644 exrrlaverat

358 3683 513 3770 vigilavit
536 3701 635 3767 super
657 3701 748 3744 marc
771 3682 805 3744 et
828 3680 863 3742 in
888 3677 1057 3756 Flandria,
1079 3700 1209 3765 semper
1232 3684 1562 3767 expseansmvourof

358 3787 498 3849 mortem
529 3783 609 3848 boni
644 3781 801 3846 Edwardi
831 3780 926 3868 regis
973 3781 1019 3846 Et
1043 3781 1182 3847 contra*
1203 3783 1410 3849 voluntatem
1423 3767 1534 3867 ffissffid

357 3881 628 3951 communitatis⁵
651 3883 744 3971 regni
767 3882 939 3948 faciteam
956 3882 1108 3950 comitem
1131 3882 1316 3950 Cornubiae.
1363 3883 1411 3949 Et
1421 3885 1531 3961 “tm

357 3988 433 4074 plns
470 3987 567 4052 solito
605 3985 828 4072 specialiorem
872 4004 948 4048 cum
985 3983 1112 4062 habuit,
1148 3989 1184 4049 et
1220 3950 1561 4071 procuraviaffim

359 4089 483 4155 malum
506 4088 595 4174 quod
617 4087 729 4173 potuit
751 4085 911 4150 adversus
936 4106 1050 4150 omnes
1080 4090 1252 4174 magnates
1274 4092 1309 4151 et
1330 4086 1413 4151 alios

359 4193 415 4277 qui
448 4211 574 4256 moram
609 4188 679 4274 ejus
711 4187 747 4251 in
781 4187 904 4274 Anglia
937 4186 1214 4272 malipsndebant.
1260 4187 1305 4252 Et
1336 4209 1413 4275 sug-

358 4292 461 4381 gessit
508 4292 578 4380 regi
626 4291 662 4354 in
708 4293 870 4375 quantum
924 4288 1036 4374 potuit
1072 4288 1280 4374 procurando
1324 4289 1412 4375 quod

358 4597 415 4649 MS.
1228 4606 1235 4622 .

713 4697 719 4710 ,
765 4697 771 4710 ,
945 4647 1076 4714 ⁴coatru]
1098 4648 1196 4700 written
1216 4647 1288 4702 twice
1310 4667 1371 4702 orer
1385 4653 1414 4705 iu

395 4701 491 4752 2Ηοτο
507 4715 543 4751 ou
560 4701 622 4751 both
640 4713 750 4765 margins
764 4715 786 4750 rs
803 4697 861 4750 Rex
910 4728 967 4778 MS·

362 4778 509 4830 Edwardus
520 4779 593 4846 cupit
604 4784 729 4844 cyrotcrc
739 4783 764 4828 et
776 4775 843 4828 obiit.
944 4807 955 4839 s
972 4806 1164 4870 mum,
1175 4808 1226 4870 Ad
1244 4807 1347 4872 meis,
1358 4811 1414 4863 ΜΒ,
