3625 5784
603 885 871 937 nrrcmrarrsrs
894 885 1106 938 onaomoor.
1304 873 1369 938 385

320 1069 452 1137 forestae
490 1073 531 1138 de
570 1071 762 1161 ingelwed¹
809 1094 883 1140 eum
924 1073 1087 1140 Berlande
1126 1078 1160 1140 et
1204 1073 1371 1140 Allerdule
1385 1083 1526 1136 Theseu

320 1193 423 1258 usque
458 1173 618 1240 Derwent
641 1176 684 1240 ad
720 1175 943 1243 Ookermewe.
989 1176 1068 1242 Non
1103 1177 1191 1242 enim
1225 1177 1372 1264 pepercit
1383 1152 1493 1270 {229³

319 1295 432 1339 eorum
464 1276 579 1340 oculus
602 1277 719 1354 ordini,
752 1278 846 1342 sexui
879 1278 933 1343 vel
967 1279 1070 1356 aetati,
1105 1279 1187 1364 quin
1220 1279 1371 1344 eeclesias

319 1375 372 1440 dei
410 1383 657 1444 concremantes
691 1379 761 1464 ejus
800 1381 990 1446 sanctuaria
1027 1382 1122 1466 quasi
1161 1403 1221 1468 pro
1267 1381 1372 1446 nihilo

318 1480 526 1564 reputabant
576 1481 620 1546 Et
643 1503 716 1547 oum
741 1487 827 1546 esset
846 1482 1020 1549 Scotorum
1043 1484 1249 1569 propositum
1272 1485 1370 1550 utin

318 1581 543 1668 episcopatum
567 1582 824 1649 Dunelmensern
859 1585 946 1650 acies
968 1585 1159 1673 dirigerent,
1194 1585 1371 1671 impedivit

319 1704 373 1746 eos
408 1683 489 1749 deus
522 1689 557 1750 et
588 1685 751 1772 gloriosus
786 1687 933 1771 ejusdem
956 1687 1019 1753 lori
1051 1693 1213 1773 patronus
1235 1692 1371 1752 sanctus

319 1783 535 1864 (ruotbertus,
591 1789 786 1872 supervenit
842 1789 929 1852 enim
988 1793 1168 1874 tempestas
1225 1789 1371 1854 maxima

317 1889 491 1974 grandinis
521 1890 609 1954 nivis
641 1895 675 1954 et
709 1889 796 1955 forte
830 1890 907 1978 gelu
946 1890 1037 1955 inim
1071 1891 1202 1956 easdem
1235 1897 1371 1956 octavus
1384 1897 1461 1945 Buta

319 1989 407 2055 beati
432 1990 578 2067 Martini,
595 1993 643 2056 ita
669 1991 757 2076 quod
773 1991 870 2057 mudti
888 1990 1061 2056 Saoterum
1084 1992 1174 2057 fame
1189 1996 1225 2057 et
1246 1969 1540 2079 frigoresst‘ss'1,'t¹¹,¹t¹{s4{{⁴n

319 2093 498 2172 perierunt,
544 2093 780 2179 Exploratores
812 2095 914 2159 etiam
945 2115 1058 2158 eorum
1082 2095 1253 2160 venientes
1287 2094 1371 2159 dice·
1384 2095 1478 2174 sm,

321 2193 409 2270 baut,
434 2195 575 2258 eundem
599 2196 824 2280 episcopatum
848 2197 950 2260 armis
973 2202 1196 2282 praeparatum
1231 2201 1265 2260 et
1288 2162 1534 2279 beneffffihffffr.
1590 2245 1596 2255 -

320 2297 486 2362 munitum
510 2297 670 2362 immenso
692 2298 822 2384 popule,
846 2303 880 2363 et
902 2303 1015 2363 tamen
1037 2320 1104 2362 non
1128 2303 1225 2364 erant
1239 2305 1372 2364 eentum
1385 2295 1452 2344 ham.

321 2400 441 2464 armati
481 2406 515 2465 et
554 2401 612 2464 vix
651 2399 718 2464 tn'a
751 2399 857 2464 millia
888 2401 1038 2486 pediturn
1073 2401 1260 2468 electorum.
1308 2400 1373 2481 Qui

321 2498 398 2564 lieet
432 2501 538 2566 multo
570 2501 681 2586 plures
719 2506 798 2566 ante
832 2502 875 2565 ad
909 2501 1130 2566 resistendum
1163 2503 1199 2567 in
1233 2502 1375 2568 eonfinio

252 2641 253 2644 =
322 2607 521 2679 manserant,
545 2602 658 2667 eodem
682 2608 794 2668 tamen
818 2608 967 2689 tempore
989 2604 1160 2689 perterriti
1183 2604 1226 2668 ad
1240 2604 1376 2690 propria

322 2701 491 2791 fugerunt,
507 2705 563 2770 sed
589 2705 761 2771 deficiente
776 2704 898 2792 populo
915 2727 981 2770 non
1004 2705 1112 2771 defuit
1134 2707 1198 2771 iste
1212 2705 1375 2792 gloriosus
1387 2704 1451 2755 This

321 2803 527 2872 Outhbertus
550 2809 631 2893 quin
654 2812 693 2872 ut
716 2809 769 2892 pie
801 2807 949 2872 ereditur
972 2807 1145 2873 Scotorum
1168 2808 1373 2893 prepositum
1388 2788 1537 2888 &itera

322 2909 391 2972 suis
436 2909 557 2973 sanctis
602 2909 754 2995 precibus
801 2915 994 2994 quassatum
1041 2915 1098 2974 est.
1157 2908 1376 2974 Revertentes
1389 2906 1425 3022 {L-
1438 2904 1547 2971 (utu,

324 3009 428 3096 igitur
444 3008 534 3075 Seoti
557 3032 578 3074 a
592 3011 681 3076 caede
697 3011 858 3096 praedicta
874 3016 1039 3076 venerunt
1053 3010 1144 3096 apud
1162 3009 1377 3074 Exselesham
1422 2979 1453 3021 ‘i'

328 3111 386 3176 ubi
422 3117 490 3176 tres
528 3113 675 3178 canonici
715 3112 862 3199 ejusdem
911 3113 1028 3178 domus
1067 3113 1125 3198 qui
1163 3112 1262 3198 paulo
1299 3117 1378 3177 ante

327 3213 496 3279 redierant
507 3224 647 3280 mortem
663 3237 729 3280 non
745 3215 910 3293 timentes,
926 3236 1000 3280 oum
1017 3215 1181 3280 vidissent
1190 3215 1380 3280 venientem

329 3317 510 3382 exereitum
544 3317 703 3406 fugerunt
726 3319 761 3382 in
793 3318 975 3383 oratorium
1006 3319 1094 3404 quod
1117 3317 1158 3382 de
1189 3338 1276 3383 novo
1306 3338 1379 3383 eon-

326 3424 530 3496 struxemnt‚
553 3425 592 3485 ut
616 3420 643 3484 si
678 3420 724 3485 sic
748 3424 834 3485 esset
858 3420 974 3483 divina
997 3419 1152 3485 voluntas
1183 3418 1380 3484 sacrificium

327 3520 389 3585 deo
427 3521 545 3586 fierent
583 3522 619 3585 in
658 3521 791 3586 odorem
829 3522 1017 3586 suavitatis.
1062 3522 1207 3606 Moxque
1241 3520 1380 3608 ingressi
1394 3520 1488 3586 Rough

327 3627 406 3686 sunt
438 3621 481 3686 ad
517 3643 571 3686 eos
594 3623 659 3686 viri
694 3621 850 3688 lancearii
885 3623 1056 3699 vibrantes
1094 3623 1141 3687 eis
1179 3621 1309 3687 lanceas
1347 3626 1382 3686 et
1393 3594 1528 3704 &efflei

327 3723 483 3800 dicenteS,
499 3732 514 3758 “
529 3723 704 3790 Ostendite
719 3724 814 3789 nobis
829 3724 1003 3789 thesauros
1026 3725 1168 3790 ecelesiae
1184 3729 1304 3788 vestrae
1327 3722 1381 3788 vel
1393 3721 1503 3836 221¹&-

329 3833 345 3858 “
369 3825 541 3891 confestim
565 3827 777 3893 moriemini.”
822 3827 876 3891 Ad
911 3827 982 3892 haee
1016 3848 1102 3891 unus
1132 3828 1174 3892 de
1207 3827 1382 3903 canonisis,
1428 3803 1461 3836 ω’

159 3929 241 3995 'rwya
253 3931 302 3982 ⁰⁰¹·
331 3933 347 3959 “
371 3925 474 4004 Non‚’'
491 3928 609 4014 inquit,
626 3929 714 3992 “diu
730 3928 884 4013 estquod
901 3949 961 3993 vos
976 3933 1011 3992 et
1033 3927 1174 4013 populus
1190 3932 1301 3992 vester
1315 3949 1382 3991 om·

159 4000 233 4046 ²⁵2¹·
328 4037 344 4063 ‘¹
369 4030 426 4094 nia
448 4031 542 4116 quasi
565 4036 679 4096 nostra
695 4029 890 4116 asportastis
913 4031 949 4094 in
965 4034 1089 4095 terram
1105 4035 1259 4107 vestram,
1275 4035 1309 4093 et
1323 4029 1382 4092 ubi

329 4141 345 4165 “
370 4133 563 4218 reposuistis
579 4155 619 4198 ea
634 4133 732 4199 scitia.
780 4133 851 4198 Nos
867 4153 947 4198 vero
963 4144 1086 4217 extunc
1100 4153 1207 4218 paura
1228 4131 1384 4216 quaesivi·

330 4243 347 4268 “
372 4256 446 4299 mus
461 4235 547 4302 sieut
559 4234 630 4320 jam
647 4235 682 4299 in
698 4235 854 4322 praesenti
870 4234 1020 4300 videtis.”
1062 4233 1202 4299 Interim
1218 4254 1298 4297 vero
1312 4232 1382 4295 dux

332 4358 445 4402 eorum
469 4338 637 4426 ingressus
661 4344 712 4403 est
734 4338 858 4404 seilicet
880 4336 1067 4402 Willelmus
1089 4334 1226 4422 Waleys
1241 4343 1276 4400 et
1297 4355 1382 4399 eom·

328 4438 520 4504 minabatur
554 4439 623 4504 suis
660 4445 700 4504 ut
733 4439 931 4515 recederent,
965 4437 1162 4524 rogavitque
1195 4441 1235 4502 ut
1268 4457 1381 4501 eorum

330 4538 450 4626 aliquis
474 4542 607 4606 missam
631 4540 819 4608 celebraret.
867 4540 913 4606 Et
935 4540 1049 4605 statim
1074 4560 1161 4604 unus
1193 4537 1381 4605 eelebravit.

331 4719 652 4730 ——-—-—-
663 4721 829 4729 ..—

745 4821 752 4854 ¹
772 4819 924 4887 Inqelwode,
935 4823 968 4872 Δ.

425 4929 441 4966 o
474 4917 565 4967 trem.
