3625 5784
412 803 477 874 376
747 817 893 866 sanarer
918 813 1101 864 sarcuros

415 1013 466 1072 est
498 1009 545 1071 eis
583 1012 658 1092 post
691 1007 840 1071 triduum
875 1007 963 1092 quod
995 1006 1169 1071 Scotorum
1201 1005 1367 1069 exercitus
1398 1025 1465 1067 non

416 1109 562 1174 distabat
600 1109 643 1173 ab
677 1110 724 1173 eis
762 1109 826 1172 nisi
864 1110 1011 1194 spacium
1036 1106 1083 1192 ij}
1114 1108 1291 1172 leucarum.
1336 1107 1383 1170 At
1416 1104 1465 1168 illi

417 1232 545 1274 summo
576 1233 672 1275 mane
706 1216 815 1275 castra
849 1215 1020 1276 moventes
1045 1210 1166 1297 egressi
1201 1213 1281 1272 sunt
1313 1229 1465 1293 eampum

409 1312 512 1396 juxta
542 1313 684 1395 Irewyn,
708 1313 899 1378 ordinantes
926 1312 1108 1377 exercitum
1139 1317 1174 1376 et
1204 1311 1247 1375 ad
1277 1310 1401 1374 bellum
1431 1330 1467 1372 se
1479 1319 1563 1380 Τηε.
1574 1315 1627 1365 eol.

415 1419 577 1500 parantes
619 1413 765 1500 Eratque
789 1413 962 1479 Scotorum
986 1413 1151 1479 exercitus
1178 1435 1221 1478 ex
1244 1417 1340 1498 parte
1362 1388 1556 1475 altera²⁵¹⁶'

415 1515 679 1602 cujusdam‚laci
703 1516 821 1580 modici
846 1521 880 1579 et
903 1521 1020 1580 mutuo
1050 1537 1085 1578 se
1108 1514 1274 1578 videbant.
1319 1511 1469 1597 Cumque

415 1623 587 1705 magnates
620 1617 791 1684 Scotorum
823 1617 881 1702 qui
904 1617 951 1681 ibi
973 1617 1122 1692 aderant,
1145 1617 1316 1702 episcopus
1345 1613 1470 1679 scilicet

417 1716 639 1806 Glasguensis,
670 1717 867 1784 senescallus
898 1717 1018 1783 Sectile
1049 1724 1084 1783 et
1106 1716 1292 1782 Willelmus
1322 1715 1470 1802 Douglas

246 1828 300 1878 The
312 1825 406 1877 Scoteh
418 1821 570 1886 viderent
608 1843 642 1886 se
681 1843 749 1885 esse
796 1821 940 1906 impares
978 1819 1186 1906 equestribus
1223 1820 1354 1896 nostris
1393 1818 1471 1882 licet

247 1908 377 2010 {ffiffi'
418 1922 585 2008 pedestres
608 1927 738 1986 nostros
764 1922 798 1986 in
830 1922 932 2009 duplo
962 1922 1168 1999 excederent,
1191 1923 1376 1987 timuerunt
1398 1920 1470 1997 sibi,

247 2027 366 2102 tabere·
419 2030 453 2089 et
467 2024 576 2087 missis
591 2024 720 2088 nunciis
744 2024 786 2088 ad
810 2030 941 2089 nostros
985 2025 1157 2110 petierunt
1179 2029 1292 2088 utrum
1315 2028 1402 2088 esset
1424 2021 1471 2085 ibi

246 2092 404 2208 §milti
418 2125 538 2210 aliquis
576 2147 615 2189 ex
654 2131 749 2211 parte
793 2127 879 2214 regis
917 2125 1051 2213 Angliae
1089 2125 1146 2210 qui
1184 2147 1239 2190 eos
1277 2124 1320 2188 ad
1357 2144 1470 2210 pacem

418 2228 562 2313 recipere
585 2232 704 2313 posset,
728 2233 762 2292 et
786 2249 942 2313 responso
967 2225 1080 2313 quod³
1101 2228 1156 2306 sic,
1181 2225 1356 2292 confestim
1380 2225 1472 2289 venit

417 2329 460 2393 ad
495 2351 550 2394 eos
582 2329 637 2393 ille
665 2334 820 2394 strenuus
845 2329 939 2394 miles
963 2329 1126 2393 Ricardus
1154 2328 1275 2412 Lundy
1297 2328 1355 2412 qui
1387 2349 1471 2390 nun·

418 2452 516 2517 quam
552 2431 620 2518 regi
652 2437 766 2496 nostro
798 2430 994 2495 fidelitatem
1016 2429 1149 2506 fecerat,
1172 2436 1206 2494 et
1229 2452 1264 2494 se
1296 2451 1371 2494 cum
1403 2429 1472 2492 suis

417 2531 510 2597 dedit
542 2531 709 2597 voluntati
741 2532 827 2620 regis
859 2531 974 2608 nostri,
998 2531 1109 2595 dicens
1141 2553 1176 2595 se
1211 2529 1298 2594 nolle
1331 2530 1472 2595 ulterius

417 2655 493 2699 cum
517 2633 781 2698 discordantibus
805 2639 839 2698 et
854 2632 1064 2697 variantibus
1085 2631 1238 2697 militare.
1285 2631 1471 2711 quodcum

418 2737 580 2802 vidissent
613 2737 670 2801 alii
704 2741 875 2824 magnetes
907 2735 1069 2801 nominati
1092 2734 1294 2800 consternati
1317 2740 1405 2808 sunt,
1438 2739 1473 2797 et

419 2839 575 2904 continuo
613 2861 647 2903 se
685 2839 850 2903 dederunt
877 2836 1037 2923 praedicto
1074 2837 1208 2900 domino
1248 2835 1394 2900 Henrico
1431 2837 1471 2899 de

419 2939 522 3024 Percy
546 2940 678 3004 nomine
707 2939 801 3026 regis
832 2938 934 3001 salvis
958 2937 1005 3001 eis
1028 2938 1101 3001 vita
1124 2943 1158 3002 et
1181 2937 1345 3013 membris,
1375 2937 1473 3000 terris

419 3047 454 3107 et
487 3037 624 3121 catallis
660 3047 695 3106 et
727 3041 814 3126 quod
847 3039 1116 3105 condonarentur
1149 3041 1261 3104 omnia
1293 3061 1398 3124 usque
1431 3040 1473 3103 ad

419 3145 556 3208 eandem
581 3143 677 3220 diem,
700 3143 869 3228 promissis
892 3140 1063 3206 obsidibus
1086 3147 1121 3206 et
1143 3141 1374 3207 instrumentis
1398 3162 1473 3206 con-

418 3245 535 3324 fectis;
568 3253 603 3311 et
634 3243 903 3310 conditionaliter
935 3244 1071 3308 admissi
1106 3249 1194 3321 sunt,
1227 3244 1255 3308 si
1289 3243 1372 3308 talia
1405 3245 1473 3331 rogi

418 3346 668 3432 complacerent.
715 3345 863 3430 Cumque
894 3346 1001 3410 nostri
1025 3350 1273 3410 reverterentur
1294 3345 1382 3430 apud
1407 3346 1474 3409 Ire-

419 3471 498 3533 wyn
537 3448 730 3512 nunciatum
770 3454 820 3512 est
854 3448 913 3523 eis,
948 3447 1037 3532 quod
1079 3447 1177 3512 multi
1215 3469 1257 3511 ex
1296 3445 1403 3512 Sectis
1441 3452 1475 3511 et

420 3547 704 3614 Galewalensibus
727 3568 839 3612 eorum
867 3548 1075 3612 sarcinnulas
1100 3547 1268 3613 hostiliter
1293 3548 1474 3633 depraedati

420 3655 508 3726 sunt,
531 3649 715 3714 intersectis
737 3649 913 3736 plusquam
945 3649 1135 3737 quingentis
1158 3649 1239 3713 viris
1261 3671 1337 3714 cum
1359 3650 1474 3715 mulie-

421 3751 513 3816 ribus
537 3755 571 3814 et
593 3749 751 3836 parvulis,
774 3770 855 3834 quos
879 3750 1090 3835 insequentes
1112 3751 1341 3837 percutierunt
1363 3773 1405 3814 ex
1428 3752 1474 3815 eis

422 3851 554 3918 circiter
575 3850 665 3914 mille
688 3851 786 3927 viros,
810 3856 844 3915 et
868 3851 993 3915 reversi
1017 3855 1096 3914 sunt
1118 3851 1223 3916 nostri
1247 3852 1293 3916 sic
1316 3851 1473 3938 multipli-

423 3958 498 4019 cata
535 3952 655 4038 praeda.
712 3952 921 4016 Adveniente
962 3951 1052 4038 apud
1083 3951 1229 4040 Berwyk
1260 3954 1405 4019 comite⁴
1433 3955 1473 4019 de

425 4056 593 4119 Warenna
631 4055 660 4118 ei
699 4075 759 4140 per
797 4052 947 4118 ordinem
995 4053 1156 4139 praedicta
1192 4055 1403 4132 nunciantur,
1440 4063 1474 4122 et

423 4157 531 4221 missis
568 4156 611 4219 ad
658 4177 768 4242 regem
807 4155 937 4220 nunciis
975 4155 1182 4222 voluntatem
1221 4157 1292 4242 ejus
1326 4159 1472 4244 expetiit

454 4482 462 4517 ¹
480 4483 588 4544 duanam
600 4479 620 4530 is
632 4480 731 4530 written
743 4495 776 4529 on
793 4479 836 4530 lte
856 4495 922 4529 mar·
946 4492 950 4607 Ι
1004 4481 1111 4548 ³quod]
1135 4481 1245 4534 inserted
1264 4486 1344 4535 abore
1361 4486 1404 4536 the
1423 4487 1473 4538 line

420 4562 545 4628 gininA.
902 4564 906 4575 ⁴
947 4557 1042 4643 ¹inA-

454 4639 464 4674 ¹
480 4641 548 4690 Here
560 4654 593 4687 on
606 4638 667 4688 both
687 4637 798 4703 margins
817 4636 837 4687 is
851 4638 922 4688 Scoti
1006 4637 1015 4668 ⁴
1033 4639 1129 4696 consite,
1142 4645 1193 4695 Aa
1211 4641 1329 4700 comitem,
1340 4645 1395 4694 Ms

419 4716 587 4768 sededemm'.
946 4646 950 4772 l
