3625 5784
623 952 894 1008 usrcrsrenusrs
917 956 1130 1008 cnsourcou.
1347 945 1409 1014 179

356 1136 523 1224 eligendi¹
557 1139 727 1206 licentiam
760 1163 781 1206 a
802 1143 1087 1228 rege'petierunt,
1118 1148 1153 1208 et
1175 1143 1403 1230 optinuerunt.
1425 1148 1579 1214 archbishon

355 1239 501 1328 Rogavit
538 1247 651 1308 tamen
681 1265 739 1309 rex
781 1266 840 1330 pro
870 1243 1085 1332 Norwycenei
1121 1245 1273 1331 episcopo
1306 1250 1345 1309 ut
1376 1243 1405 1308 si
1419 1217 1563 1347 {flgffw'

354 1343 507 1428 possibile
538 1350 623 1410 esset
657 1346 775 1412 saltem
805 1347 874 1411 suis
905 1347 1056 1433 precibus
1087 1347 1312 1434 postularetur
1343 1346 1405 1412 hac

354 1447 434 1512 vice.
489 1447 727 1512 Adveniente²
749 1455 860 1514 autem
899 1450 1070 1515 electionis
1100 1451 1162 1532 die,
1195 1450 1330 1536 quidam
1361 1471 1403 1514 ex

354 1549 522 1614 monacbis
560 1571 671 1636 preces
712 1551 819 1637 regias
860 1552 1098 1637 amplectentes
1136 1553 1277 1617 eundem
1315 1551 1404 1616 Nor·

353 1671 538 1736 wycensem
577 1651 796 1738 postularunt.
860 1653 927 1716 Alii
965 1675 1043 1719 vero
1081 1654 1263 1719 secundum
1302 1653 1402 1718 deum
1418 1657 1549 1721 niffieuny

354 1755 573 1838 procedentes
596 1754 801 1840 subpriorem
833 1756 981 1842 ejusdem
1010 1757 1126 1822 domus
1160 1757 1339 1843 elegerunt,
1371 1759 1405 1819 et
1418 1726 1549 1840 {22¹¹ssss

355 1855 554 1921 dissensione
586 1856 677 1922 facta
706 1857 795 1922 inter
824 1857 945 1922 fratres
975 1863 1116 1943 utraque
1146 1880 1222 1945 pars
1252 1879 1312 1944 pro
1344 1857 1479 1921 suofi011·

354 1957 457 2022 electo
479 1957 655 2022 adsedem
685 1957 898 2044 apostolicam
922 1959 1142 2045 appellarunt.
1187 1960 1287 2024 Unde
1303 1959 1402 2024 electi

354 2064 433 2124 sunt
463 2059 541 2123 hinc
580 2065 615 2124 et
656 2059 733 2124 inde
774 2060 858 2144 xiiij.
906 2061 1059 2126 monachi
1105 2063 1163 2148 qui
1208 2062 1252 2127 ad
1293 2062 1404 2127 eedem

354 2161 566 2245 apostolicam
590 2163 654 2226 iter
676 2162 862 2247 arriperent
891 2161 954 2226 hoc
984 2165 1157 2249 negocium
1179 2164 1405 2250 prosecuturi;

355 2261 419 2342 Qui
455 2263 497 2327 ad
528 2285 637 2349 regem
676 2265 847 2329 venientes
879 2268 919 2328 ut
942 2286 985 2328 ex
1008 2265 1183 2331 voluntate
1221 2267 1311 2329 illius
1333 2286 1406 2351 pro·
1420 2276 1526 2326 Anem-

353 2364 584 2443 ficiscerentur‚
631 2367 854 2451 promiserunt
900 2367 930 2431 ei
972 2367 1126 2452 jurantes
1164 2369 1249 2452 quod
1299 2368 1405 2433 modis
1419 2343 1547 2458 ffitg'n

354 2468 506 2532 omnibus
555 2473 769 2553 procurarent
808 2467 1071 2554 postulationem
1110 2469 1345 2555 Norwysensis
1384 2492 1405 2534 a
1419 2475 1463 2524 the
1473 2476 1553 2538 point.

353 2568 485 2635 domino
508 2590 596 2654 papa
619 2571 806 2634 confirmari
823 2593 831 2650 ;
854 2574 889 2636 et
904 2569 1033 2652 abipso
1048 2592 1123 2656 rege
1138 2593 1259 2658 magna
1274 2576 1407 2657 accepta

353 2671 491 2755 pecunia
528 2671 666 2756 profecti
704 2675 795 2740 sunt.
844 2671 973 2752 Quibus
1005 2672 1041 2736 in
1078 2673 1170 2738 curie
1207 2673 1406 2751 constitutis,

352 2779 498 2838 cassatur
520 2774 636 2838 electio
659 2773 850 2860 subprioris,
883 2779 919 2839 et
943 2774 1041 2839 datur
1065 2773 1200 2840 licentia
1223 2775 1289 2839 illis
1320 2774 1405 2859 xiiij.
1418 2778 1575 2867 conspetu

351 2874 474 2939 ilerum
498 2875 641 2961 eligendi
664 2876 701 2940 in
735 2875 833 2941 curia.
882 2874 949 2955 Qui
973 2875 1125 2941 sedentes
1147 2874 1266 2940 iterato
1288 2880 1404 2961 postu·
1419 2846 1557 2910 them&

349 2975 464 3041 lerunt
502 2977 761 3062 Norwycensem
800 2977 999 3062 episcopum,
1037 2981 1072 3041 et
1105 2977 1212 3041 iratus
1244 2997 1332 3062 papa
1362 2997 1401 3042 eo

351 3079 438 3165 quod
477 3079 689 3144 collusionem
727 3079 888 3157 audieret,
927 3079 1185 3164 postulationem
1223 3099 1335 3143 eorum
1370 3083 1407 3143 et

351 3185 430 3245 votu
452 3202 519 3246 non
542 3180 685 3258 admisit,
708 3181 767 3246 sed
790 3202 844 3246 eos
867 3181 1042 3266 suspendit
1057 3186 1220 3265 quantum
1235 3181 1279 3245 ad
1294 3181 1403 3246 vicem
1419 3189 1509 3257 Anger
1519 3193 1548 3241 of

352 3282 448 3348 hanc.
496 3283 561 3362 Qui
594 3283 746 3348 videntes
770 3305 804 3348 se
837 3283 932 3368 quasi
964 3282 1182 3368 deprehensos
1205 3283 1405 3368 poenitentia
1418 3257 1462 3308 ²¹¹⁹
1473 3259 1495 3308 P
1496 3276 1551 3322 ⁰9²·

352 3383 443 3449 ducti
476 3384 617 3449 confessi
655 3389 735 3448 sunt
772 3406 806 3448 se
844 3385 915 3469 regi
948 3385 1077 3470 jurasse
1110 3385 1151 3448 de
1185 3383 1403 3472 Norwycensi

352 3486 501 3571 episcopo
532 3485 746 3570 postulando,
783 3489 818 3550 et
852 3485 985 3550 veniam
1019 3487 1230 3573 deposcentes
1268 3488 1406 3554 arbitrio

353 3587 478 3652 domini
500 3608 596 3672 papae
612 3586 784 3651 humiliter
799 3609 833 3651 se
857 3587 1090 3652 submiserunt.
1130 3589 1220 3675 Papa
1241 3611 1321 3655 vero
1335 3611 1403 3655 non

356 3689 536 3754 secundum
568 3688 733 3766 meritum,
758 3689 815 3753 sed
847 3689 1028 3754 secundum
1061 3689 1271 3756 clementiam
1292 3701 1552 3779 agamemnon

354 3812 408 3856 eos
452 3791 595 3878 benigne
641 3790 786 3856 absolvit
832 3795 867 3856 et
912 3791 1080 3858 consuluit
1124 3798 1163 3856 ut
1207 3794 1404 3880 magistrum
1416 3769 1558 3898 pyppepflec

351 3891 558 3978 Stephanum
590 3892 631 3957 de
653 3893 825 3979 Langeton
874 3893 938 3958 sibi
972 3894 1007 3957 in
1041 3899 1168 3979 patrem
1192 3895 1350 3982 eligerent
1372 3900 1573 3978 etsubmission

352 3998 525 4079 pastorem,
549 3995 660 4059 virum
676 3993 818 4080 utique⁴
831 3995 1015 4062 literaturae
1037 4017 1166 4083 mrgnae
1189 4003 1225 4064 et
1247 3998 1408 4065 bonitatis
1419 3967 1541 4097 Qus»

352 4095 528 4162 immensae.
592 4095 658 4176 Qui
697 4116 777 4162 seno
815 4097 1066 4182 adquiescentes
1103 4098 1239 4164 consilio
1277 4099 1408 4185 eligunt

1214 4285 1400 4296 ——.-

384 4395 391 4425 ¹
410 4393 533 4459 eleymdi,
544 4393 578 4444 A.
907 4394 954 4444 has
973 4395 1037 4444 been
1055 4395 1142 4444 struck
1159 4393 1277 4460 through,
1295 4397 1346 4446 and
1364 4397 1409 4448 the

383 4473 479 4524 ²Here
506 4489 541 4523 on
568 4472 668 4539 margin
691 4473 722 4523 ol
746 4473 804 4524 MS.
833 4473 856 4523 is
907 4473 1013 4522 number
1035 4486 1095 4536 may
1112 4473 1145 4521 be
1163 4480 1250 4522 meant
1269 4473 1312 4523 for
1332 4475 1408 4541 ,sitit

353 4553 480 4615 Quomodo
497 4551 569 4616 ejecit
585 4550 721 4602 monachor
741 4551 857 4602 Cantus·
907 4551 940 4600 In
952 4551 1026 4600 MSS.
1043 4549 1064 4599 it
1082 4549 1161 4601 isnot
1171 4554 1280 4602 unusual
1292 4561 1320 4604 to
1336 4555 1409 4618 place

349 4632 454 4692 rimer,
466 4635 489 4679 ct
500 4644 579 4680 cauea
590 4628 731 4680 interdicti.
907 4645 923 4678 s
950 4630 996 4679 dot
1023 4628 1111 4679 before
1138 4645 1168 4680 es
1195 4631 1252 4681 well
1280 4647 1309 4681 es
1339 4633 1406 4684 efter

382 4709 463 4759 *illie
492 4708 562 4773 eiiij.
591 4707 692 4772 iterum]
725 4707 784 4760 MS.
809 4709 857 4760 has
908 4709 1045 4758 numerals.

349 4786 403 4838 illis
423 4803 495 4852 quem
514 4786 725 4851 minimorum.
759 4787 792 4836 A.
810 4786 857 4838 has
941 4787 1071 4853 ⁴utr'que]
1091 4789 1313 4854 usque,MS.und
1323 4791 1359 4843 A.

349 4865 400 4918 illis
427 4875 455 4931 q·
479 4865 555 4930 ixiiij.
579 4865 677 4926 iterum,
697 4867 743 4916 but
765 4864 809 4916 the
832 4871 858 4930 q·

1202 4967 1276 5033 nt
