3625 5784
441 909 482 970 16
805 917 952 968 nurerum
975 915 1159 968 strenuos

438 1115 516 1172 inter
538 1121 657 1174 ceteras
680 1117 711 1172 in
734 1117 838 1174 choree
872 1114 1092 1187 tripudiantem,
1125 1117 1211 1170 nocte
1241 1113 1376 1186 sequenti
1409 1113 1492 1170 illam

437 1205 493 1262 sibi
514 1207 676 1279 conjunxit,
709 1225 796 1280 quam
828 1205 891 1262 vioe
925 1205 1023 1262 uxoris
1053 1204 1224 1278 aliquandiu
1254 1209 1357 1262 tenens
1379 1202 1492 1262 Willsl·

437 1313 518 1356 mum
540 1302 758 1370 conquestorem
781 1314 816 1353 ex
839 1313 873 1352 ee
905 1294 1064 1366 generavit.
1110 1293 1202 1366 Cujus
1224 1294 1354 1350 futurem
1376 1294 1489 1368 megui-

437 1385 569 1443 tudinem
585 1388 686 1442 matris
710 1375 922 1459 portendebut¹
941 1382 1148 1456 [sompnium].
1194 1383 1265 1454 Qum
1280 1384 1422 1440 intestina
1437 1401 1490 1440 sna

435 1493 486 1547 per
508 1476 649 1548 Angliam
671 1481 702 1532 et
725 1474 937 1534 Normanniem
961 1472 1074 1528 videret
1096 1471 1222 1540 dilaturi,
1245 1473 1366 1546 ipsaque
1387 1479 1488 1546 partus

434 1563 574 1622 effusione
598 1565 680 1638 pusio
711 1566 833 1622 humum
856 1561 969 1636 attigit,
993 1563 1148 1635 ambasque
1175 1579 1280 1618 manue
1303 1561 1339 1620 de
1368 1564 1488 1636 pulvere
1500 1593 1586 1661 Tm
1598 1602 1647 1653 θοι.

435 1655 596 1726 pavimenti
629 1653 772 1729 implevit,
811 1651 987 1708 constrinxit
1017 1661 1047 1708 ot
1078 1651 1246 1726 complodit.
1292 1651 1355 1722 Qus
1386 1671 1421 1709 ex
1455 1665 1574 1714 renate.

434 1743 573 1800 obstetrix
610 1745 706 1816 iprum
745 1760 842 1816 regern
881 1743 942 1800 lore
980 1743 1112 1798 futurum
1146 1741 1359 1814 pronunciavit.
1413 1741 1487 1798 Heeo

435 1833 532 1906 iterque
569 1835 666 1906 puella
703 1831 791 1890 Arleo
829 1832 900 1888 dum
938 1831 1033 1904 prime
1069 1833 1155 1888 noete
1189 1831 1226 1886 ed
1264 1831 1372 1890 lectum
1404 1831 1486 1886 ducis

435 1921 555 1979 Roberti
577 1923 740 1989 duceretur,
764 1922 854 1994 fregit
876 1921 1026 1978 camisiam
1056 1939 1139 1978 suam
1170 1920 1357 1994 propriams
1387 1926 1486 1978 mento

433 2029 525 2086 usque
548 2012 654 2086 pedes;
679 2016 709 2068 et
730 2011 868 2084 requisita
891 2029 910 2065 a
932 2011 1004 2066 duee
1027 2029 1079 2066 cur
1107 2011 1162 2065 hoe
1186 2011 1302 2076 faceret,
1324 2011 1484 2084 respondit,

436 2103 454 2126 “
479 2101 544 2158 Non
580 2120 641 2158 esse
664 2101 769 2158 decens
803 2117 855 2156 nec
887 2099 992 2156 facetia
1022 2105 1056 2155 ut
1088 2100 1147 2155 ima
1179 2117 1246 2174 pars
1269 2099 1396 2156 camisiae
1420 2118 1486 2172 quas

434 2190 520 2262 podes
553 2208 619 2247 suos
653 2191 795 2246 ambierat
825 2189 862 2246 sd
896 2207 928 2245 os
950 2188 1061 2246 domiui
1093 2189 1139 2244 sui
1172 2193 1341 2247 verteretur.
1387 2190 1486 2261 Igitur

434 2280 493 2336 dux
525 2281 670 2338 Robertns
701 2280 860 2336 Ierusalem
891 2278 1014 2334 tendens
1037 2278 1203 2334 convocetis
1234 2279 1401 2350 proceribus
1424 2281 1485 2334 suis

434 2369 512 2442 epud
528 2369 682 2426 Fiscaunm
706 2357 797 2427 iecit²
813 2385 914 2426 omnes
933 2367 1032 2440 jurare
1056 2367 1229 2424 fidelitatem
1251 2368 1313 2424 filio
1336 2387 1388 2425 suo
1411 2369 1483 2426 Wil-

434 2459 520 2516 lelmo
543 2465 614 2516 tunc
637 2460 781 2532 septenni,
810 2459 857 2514 cui
881 2457 1046 2516 Gilbertum
1063 2456 1200 2514 comitem
1221 2458 1325 2514 statuit
1347 2463 1484 2525 tutorem,

433 2549 613 2620 tutelamque
636 2547 742 2604 tutoris
777 2547 905 2604 Honrioo
935 2546 999 2618 regi
1031 2547 1208 2604 Francorum
1231 2548 1400 2620 assignavit.
1446 2549 1485 2602 Et

433 2637 509 2694 huuc
524 2637 696 2694 fidelitatem
712 2655 803 2709 usque
825 2635 863 2692 ad
886 2636 1001 2693 obitum
1022 2635 1143 2692 Roberti
1165 2653 1296 2709 proceres
1311 2626 1486 2694 servavere³

433 2727 554 2800 pupillo,
588 2729 639 2784 sed
661 2733 754 2782 morte
777 2725 840 2797 ejus
874 2725 976 2782 audite
1007 2726 1206 2798 unusquisque
1244 2724 1299 2780 sibi
1335 2727 1484 2800 prospexit

434 2821 464 2872 et
486 2817 632 2890 pupillum
664 2814 802 2888 neglexit.
849 2815 980 2872 Tandem
1011 2815 1164 2870 interfecto
1188 2813 1321 2871 Gilberto
1343 2816 1483 2890 prredicto

433 2923 484 2978 per
507 2905 667 2962 Radult'um
700 2907 785 2978 pueri
818 2907 988 2978 patruelem,
1013 2904 1120 2977 ubique
1142 2904 1235 2960 credes
1257 2905 1367 2962 fiebunt
1388 2905 1482 2960 homi-

433 2994 509 3050 cidia
546 3001 577 3051 et
613 2997 701 3063 furta,
723 3001 754 3052 et
792 2994 941 3050 intestinis
978 2993 1109 3049 discidiis
1140 2995 1236 3064 patria
1270 2995 1399 3050 ulcerata
1430 3001 1482 3050 est.

430 3077 726 3140 Willelrnus⁴ndl1uc
743 3085 878 3139 inermis
900 3085 1066 3139 adolescens
1081 3083 1258 3154 vaydcnem
1281 3085 1476 3154 Burguudum

431 3191 466 3228 ex
497 3174 557 3228 filie
591 3174 709 3230 Ricardi
744 3172 864 3228 secundi
895 3173 952 3227 sibi
985 3168 1194 3241 consanguinei
1226 3172 1316 3227 totius
1348 3174 1483 3230 fectionis

431 3267 579 3318 auctorem
602 3263 679 3334 cepit
702 3267 731 3318 et
754 3261 900 3328 extinxit;
926 3261 1058 3319 Odonem
1090 3261 1210 3316 fratrem
1243 3261 1321 3333 regis
1351 3263 1482 3319 Francius

431 3357 532 3407 contre
564 3369 594 3407 se
616 3351 782 3406 venientem
816 3350 939 3420 fugavit.
985 3350 1048 3420 Quo
1070 3349 1169 3405 audito
1202 3351 1348 3406 Henricus
1382 3343 1484 3422 [rex]⁵

431 3441 562 3497 Francius
578 3459 645 3496 cnm
668 3440 765 3513 amplo
780 3439 971 3495 multitudine
986 3455 1139 3496 occurrens
1155 3441 1323 3510 profugavit
1337 3442 1481 3514 terpiton

430 3531 481 3586 sed
513 3529 774 3586 intercurrentibus
797 3528 1005 3584 mediatoribus
1030 3546 1087 3599 pax
1119 3529 1266 3584 intereos
1297 3530 1480 3597 reformatur,

429 3619 504 3692 regii
535 3617 643 3692 csptivi
666 3619 846 3674 liberantur:
885 3617 936 3674 ubi
959 3607 1138 3674 summarie⁰
1153 3619 1315 3674 notandum
1337 3621 1482 3694 estquod

430 3726 497 3765 cum
512 3708 676 3766 Willelmus
699 3707 750 3764 ille
767 3725 834 3764 cum
849 3699 919 3779 reg'e
941 3707 1073 3764 hancine
1088 3708 1195 3781 saepius
1218 3707 1388 3779 conflixerit,
1404 3727 1481 3766 nun-

431 3815 518 3870 quem
541 3798 637 3854 subito
660 3798 736 3854 siout
767 3797 861 3853 nostri
894 3796 1028 3853 moderni
1050 3797 1173 3864 faciunt,
1198 3797 1247 3853 sed
1281 3799 1481 3870 praenunciata

429 3888 500 3944 belli
537 3886 585 3942 die
622 3885 798 3960 superiorem
837 3904 950 3959 sempor
987 3905 1109 3942 menum
1145 3889 1345 3960 reportaverit.
1407 3889 1481 3945 Inde

430 3981 544 4033 mortuo
567 3993 634 4050 rege
658 3977 790 4033 Frtnciae
813 3981 904 4034 terras
938 3975 1129 4032 Normannioe
1152 3975 1325 4050 appendices
1348 3979 1481 4051 quamvis

430 4065 481 4122 din
518 4067 672 4134 obsoletus,
711 4071 783 4140 pute
815 4064 1041 4123 cenomanicum
1080 4065 1261 4134 comitatum,
1295 4068 1481 4124 Britanniam

429 4155 572 4210 minorem
604 4172 692 4228 quarn
726 4173 776 4210 rex
812 4155 938 4211 Knrelns
972 4173 1039 4210 cum
1072 4154 1133 4212 filia
1166 4174 1219 4211 sua
1251 4155 1330 4214 Gillo
1362 4156 1482 4214 dederat

462 4449 470 4481 ¹
490 4447 611 4509 Omitted,
631 4449 676 4499 but
700 4448 814 4512 supplied
831 4463 864 4499 ou
884 4449 929 4497 tbe
1009 4449 1020 4480 ⁴
1044 4445 1174 4508 Willelam,
1186 4447 1242 4500 MS.
1254 4465 1346 4500 errore.

428 4525 526 4594 margin
537 4527 599 4578 both
611 4527 703 4578 inMS.
715 4528 766 4576 und
778 4527 812 4577 A.
1011 4525 1086 4574 ⁶ree
1103 4527 1126 4576 is
1145 4526 1172 4576 in
1190 4527 1289 4578 neither
1309 4529 1367 4582 MS.
1386 4545 1433 4581 nor
1444 4533 1477 4582 Α.

462 4605 472 4638 ²
480 4606 557 4670 serit,
586 4605 654 4658 irem
683 4607 727 4668 A..
749 4605 847 4656 written
878 4619 928 4656 sec.
977 4603 1050 4667 prim.
1062 4620 1141 4670 men,
1151 4607 1231 4658 tutis
1249 4608 1349 4661 vritteu
1365 4611 1477 4663 between

428 4699 493 4734 meu.
506 4684 532 4734 iu
543 4684 600 4735 MS.
977 4683 1020 4733 the
1033 4684 1098 4734 lines
1110 4684 1136 4733 iu
1148 4686 1192 4736 the
1203 4686 1285 4738 latter.

461 4762 639 4814 ’servarein
662 4759 718 4814 MS.
743 4763 793 4812 and
816 4762 860 4827 A.,
882 4765 928 4812 but
1009 4762 1177 4825 isumus,
1210 4764 1311 4818 written
1351 4766 1377 4818 in
1419 4769 1477 4822 ΜΒ.

427 4843 558 4894 corrected
568 4842 596 4892 iu
607 4840 670 4894 botb
682 4857 731 4894 see.
743 4855 810 4892 men.
977 4844 1055 4892 suffie.
