3625 5784
625 897 898 948 arrersrssusm
922 899 1134 951 cnsosrcos.
1345 888 1410 956 329

355 1082 443 1171 regis
473 1082 654 1149 evaderent
684 1091 718 1150 ct
748 1086 948 1151 sententiam
979 1088 1016 1150 in
1037 1086 1131 1151 bulla
1162 1108 1231 1152 non
1264 1088 1553 1156 incurro-mitteeof

356 1188 438 1249 rent
488 1184 654 1270 Quicquid
677 1192 790 1251 tamen
820 1189 965 1273 ponebat
995 1188 1100 1253 clerus
1134 1187 1274 1255 tollebat
1304 1191 1411 1255 fiscus.
1424 1170 1517 1301 ξξξέὲ·

357 1284 402 1350 Et
431 1285 480 1351 sic
505 1287 697 1351 ordinantes
720 1292 755 1351 et
777 1289 840 1353 sub
862 1288 968 1355 colore
992 1289 1144 1377 quintam
1174 1296 1304 1376 parbem
1333 1312 1411 1356 con-

355 1387 515 1466 cedentes,
539 1389 778 1475 protectionem
800 1391 887 1477 regis
910 1392 1077 1457 consecuti
1099 1398 1187 1457 sunt.
1234 1390 1410 1459 Cantuari-

356 1489 443 1553 ensis
480 1512 561 1555 vero
598 1490 863 1577 acchiepiscopus
900 1493 1049 1558 animum
1081 1515 1149 1559 non
1182 1500 1316 1559 mutans
1350 1515 1410 1559 nec
1423 1509 1477 1587 Tm
1490 1509 1564 1587 areh-

356 1592 531 1657 concedere
567 1614 629 1658 nec
671 1593 833 1679 deponere
876 1596 1053 1680 quicquam
1091 1596 1207 1674 voluit,
1246 1596 1410 1683 elegitque
1423 1576 1559 1693 bfflwffit

356 1694 467 1777 potius
490 1693 574 1759 iram
597 1694 683 1780 regis
707 1716 807 1779 quarn
830 1696 1031 1761 sententiam
1062 1658 1440 1764 excommunicationisp
1561 1679 1568 1691 ’

355 1793 531 1872 incurrere,
564 1796 654 1860 unde
680 1797 795 1861 saisita
826 1802 906 1862 sunt
928 1799 1040 1862 omnia
1061 1799 1149 1864 hona
1171 1821 1232 1863 sua
1266 1804 1300 1865 et
1331 1822 1412 1865 vasa

356 1896 428 1981 ejus
463 1919 563 1962 aurea
592 1902 628 1962 et
657 1904 816 1983 argentea
837 1905 1000 1985 occupata
1028 1906 1108 1965 sunt
1131 1907 1167 1966 et
1190 1901 1267 1988 equi
1289 1923 1411 1967 omnes.

355 1997 640 2085 Recessenmtque
677 2001 721 2065 ab
758 2022 797 2065 eo
828 2000 1012 2067 familiares
1050 2002 1122 2089 ejus
1157 2024 1218 2068 nec
1252 2004 1411 2069 remansit

355 2102 530 2186 quicquam
554 2101 643 2165 unde
666 2123 792 2187 pauper
811 2100 938 2168 Christi
959 2103 1122 2184 aleretur;
1144 2112 1411 2191 praeceptumque

357 2207 408 2268 cst
428 2202 492 2266 sub
513 2202 610 2288 gravi
631 2201 844 2268 forisfactura
865 2204 952 2289 regis
978 2226 1021 2270 ne
1045 2206 1118 2290 quis
1142 2228 1217 2271 eum
1242 2204 1410 2292 hospitio1

354 2304 535 2390 suciperet
564 2304 600 2367 in
626 2306 826 2369 monasterio
849 2305 904 2370 vel
935 2312 1041 2384 extra,
1066 2314 1329 2393 evacuatumque
1359 2312 1411 2373 est

354 2403 438 2468 illud
469 2403 632 2489 Apostoli,
665 2412 682 2439 ‘¹
695 2404 861 2490 Suscipite
893 2406 1037 2471 invicem
1072 2408 1158 2472 sicut
1189 2413 1224 2473 et
1256 2408 1409 2475 Christus
1423 2414 1571 2466 Hbeonac-

354 2513 372 2539 “
395 2507 540 2592 suscepit
554 2527 614 2571 vos
627 2505 661 2585 ;''
685 2507 873 2593 mamitque
896 2508 1002 2572 sicin
1025 2508 1122 2574 domo
1145 2510 1316 2595 cujusdam
1331 2510 1409 2575 sim·
1422 2482 1567 2613 fflgfffi‘

354 2606 451 2692 plicis
473 2607 609 2672 rectoris
632 2628 708 2672 cum
730 2608 799 2673 solo
826 2608 995 2674 sacerdote
1028 2614 1064 2675 et
1094 2631 1162 2675 uno
1193 2610 1319 2688 clerico,
1342 2632 1409 2676 non

354 2707 479 2774 habens
513 2730 555 2772 ex
588 2712 662 2773 toto
691 2708 975 2796 archiepiscopatu
999 2710 1058 2775 ubi
1093 2716 1194 2797 caput
1227 2718 1407 2797 reponeret.

355 2808 555 2877 Constanter
580 2814 693 2875 tamen
716 2811 785 2897 egit
807 2811 845 2875 in
866 2812 968 2877 verbo
999 2812 1133 2890 domini,
1156 2813 1286 2899 publice
1316 2835 1409 2879 men-

354 2912 477 2990 dicans,
516 2912 639 2996 ubique
677 2918 874 2998 protestans,
914 2934 1026 2979 omnes
1058 2915 1116 2998 qui
1156 2915 1209 2980 vel
1246 2916 1315 3003 regi
1354 2915 1409 2981 vel

352 3034 500 3101 personae
523 3013 662 3079 seculari
683 3020 806 3099 praeter
819 3013 1029 3079 voluntatem
1053 3014 1178 3079 domini
1201 3037 1296 3102 papae
1319 3016 1408 3101 quic·

354 3117 436 3202 quid
458 3116 671 3181 concederent
695 3115 731 3179 in
761 3136 921 3181 canonem
951 3116 1029 3181 latae
1060 3118 1234 3183 sententiae
1257 3140 1295 3183 eo
1317 3118 1408 3184 facto

353 3217 570 3303 proculdubio
604 3216 769 3295 incidisse,
792 3238 920 3303 semper
943 3218 1089 3283 existens
1112 3224 1248 3304 paratus
1270 3219 1313 3285 ad
1336 3240 1406 3284 mo-

352 3319 505 3385 riendum
536 3340 597 3405 pro
623 3318 759 3384 ecclesia
782 3318 916 3385 Christi.
962 3319 1073 3384 Amici
1096 3340 1176 3385 vero
1198 3319 1407 3385 Lincolnien·
1420 3323 1526 3374 Thebi-

352 3422 396 3487 sis
411 3420 554 3508 episcopi
573 3420 699 3485 Oliveri
715 3420 816 3485 etiam
832 3420 903 3506 ipso
918 3420 1127 3486 voluntatem
1142 3421 1196 3487 vel
1212 3422 1406 3507 petitionem
1419 3391 1527 3507 iffi}

352 3524 437 3611 regis
459 3544 528 3587 non
559 3520 755 3599 ratificante,
789 3528 1051 3607 procuraverunt
1074 3528 1184 3589 tamen
1209 3525 1298 3609 quod
1320 3524 1493 3591 vice-“²lxes

352 3646 458 3691 comes
506 3623 745 3689 Lincolnicnsis
782 3623 895 3689 levata
933 3624 1051 3710 quinta
1100 3630 1195 3711 parte
1233 3627 1274 3691 da
1312 3626 1406 3691 bonis
1418 3589 1527 3707 {2333

351 3726 455 3812 ipsius
483 3725 628 3811 episcopi
651 3733 775 3789 extunc
797 3725 828 3790 ei
851 3728 1072 3811 possessiones
1107 3731 1142 3791 et
1176 3732 1279 3793 terras
1312 3730 1407 3793 resti·

351 3833 468 3892 tueret.
515 3826 637 3891 Omnia
659 3827 760 3891 etiam
790 3828 992 3892 monasteria
1015 3829 1221 3915 episcopatus
1244 3828 1349 3915 ipsius
1372 3832 1407 3893 et

351 3929 455 3994 totius
478 3928 657 4013 provinciae
680 3927 929 3995 Cantuariensis
945 3930 1058 3995 saisita
1081 3928 1215 3995 fuerant
1237 3932 1275 3994 in
1296 3951 1406 4006 manu,
1419 3940 1555 4019 rhenon-

352 4035 387 4095 et
423 4053 466 4095 ex
504 4035 670 4116 praecepto
708 4030 813 4115 ipsius
851 4031 1003 4095 custodes
1048 4031 1192 4117 appositi
1230 4032 1288 4116 qui
1325 4032 1406 4116 ipsis
1418 4016 1569 4123 ssitssffimo

351 4132 512 4219 religiosis
535 4132 740 4198 solummodo
761 4133 945 4199 necessaria
967 4132 1206 4210 ministrarent,
1229 4137 1264 4197 et
1278 4132 1405 4217 reliqua
1418 4138 1462 4188 the
1475 4138 1559 4205 king's

351 4236 623 4301 converterentur
655 4232 692 4295 in
725 4232 849 4297 fiscum.
911 4231 1009 4298 Unde
1043 4232 1181 4299 abbates
1215 4237 1250 4297 et
1280 4232 1406 4318 priores
1418 4204 1496 4256 md·

350 4334 545 4400 necessitate
567 4332 728 4419 compulsi
743 4333 868 4398 curiam
890 4334 978 4419 regis
1001 4333 1165 4411 adierunt,
1180 4354 1249 4398 non
1270 4339 1406 4420 peccata

351 4436 408 4501 sed
430 4437 518 4502 bona
539 4436 673 4523 propria
694 4424 894 4501 redimentes
918 4436 998 4503 data
1020 4441 1148 4521 quarta.
1195 4435 1300 4501 Nulla
1323 4441 1406 4504 tunc

349 4538 507 4624 temporis
544 4537 647 4602 fiebat
679 4535 815 4621 justitia
846 4538 942 4613 clerc,
980 4542 1016 4602 et
1051 4538 1140 4622 passi
1178 4541 1259 4602 sunt
1295 4537 1405 4605 clerici

349 4639 488 4726 injurias
519 4638 650 4703 multas.
696 4637 856 4724 Religiosi
891 4638 993 4703 etiam
1026 4638 1063 4702 in
1095 4639 1152 4705 via
1184 4639 1276 4725 regia
1309 4641 1404 4725 equis

416 4818 426 4852 ¹
442 4818 511 4869 Here
522 4832 556 4868 on
572 4816 634 4867 both
650 4816 764 4883 margins
779 4813 801 4865 is
812 4815 970 4867 Prohibetur
982 4816 1117 4882 hospitium
1128 4815 1319 4885 archiepiscopo.
1373 4808 1376 4813 ¹
