3625 5784
621 873 889 924 nnrcnsrnnusrs
912 873 1123 924 esnourcou.
1326 858 1392 928 347

337 1058 473 1136 saisivit,
497 1063 567 1124 tam
590 1057 780 1124 clericorum
815 1080 915 1144 quam
936 1059 1103 1138 laicorum,
1127 1062 1230 1127 etsie
1261 1061 1390 1126 saisitus
1402 1063 1485 1114 osche

338 1159 528 1246 [servavit]²
552 1181 722 1246 quousque
746 1169 943 1227 mercatores
965 1163 1046 1228 data
1069 1164 1216 1229 maxima
1241 1132 1555 1262 ρωυηίωῗὲζᾚοᾞὲ

335 1283 464 1328 summa
487 1285 542 1328 eas
565 1263 659 1348 quasi
694 1264 735 1328 de
758 1284 845 1328 novo
878 1264 1087 1330 redimerent.
1132 1265 1258 1331 Eodem
1289 1265 1391 1330 etiam

336 1387 423 1432 anno
446 1366 580 1431 vocarit
611 1387 669 1430 rex
701 1388 758 1451 per
785 1366 898 1430 literas
920 1389 997 1432 suas
1029 1367 1301 1454 archiepiscopos,
1322 1368 1391 1453 epi·

337 1489 457 1555 scopos,
482 1467 622 1534 decanos
654 1468 864 1533 ecclesiarum
887 1469 1128 1534 cathedralium
1163 1475 1197 1535 et
1230 1470 1392 1535 archidia-

337 1593 435 1638 conos
469 1571 506 1636 in
542 1571 683 1658 propriis
716 1572 873 1656 personia,
908 1571 1099 1658 clerumque
1131 1573 1390 1659 uniuscujusque

338 1673 475 1740 diocesis
496 1696 557 1760 per
579 1673 661 1738 duos
683 1679 919 1760 procuratores,
942 1676 1041 1740 utin
1063 1675 1148 1740 festo
1180 1677 1213 1742 S.
1237 1676 1391 1742 Matthaei
1403 1691 1459 1742 rue
1473 1693 1546 1742 areh-

339 1775 480 1862 apostoli
518 1797 625 1842 coram
666 1797 704 1840 eo
734 1781 960 1860 comparerent
992 1775 1181 1842 Londoniae.
1236 1757 1516 1888 Ωυίὸιιεῑξξζξζξξ

339 1876 581 1944 existentibus³
596 1878 646 1942 ait
660 1899 726 1956 rex,
743 1877 909 1942 “Domini
924 1878 1109 1944 carissimi⁴
1127 1879 1198 1962 jam
1210 1881 1291 1944 satis
1314 1901 1390 1944 con·
1404 1891 1455 1939 aaa
1467 1861 1540 1942 othir

340 1989 357 2015 “
379 1984 448 2045 stat
479 1985 518 2044 ut
552 1981 693 2045 audistis
716 1980 756 2044 de
789 1979 915 2046 famosa
948 1981 1013 2046 ista
1044 2002 1163 2067 guerra
1194 2003 1269 2068 quae
1303 1983 1392 2047 inter
1404 1956 1562 2072 ssffiffi

339 2089 358 2118 “
381 2103 488 2169 regern
522 2083 721 2148 Francorum
744 2086 780 2146 et
801 2081 889 2146 inter
911 2103 971 2147 nos
1003 2082 1139 2147 initium
1161 2083 1303 2170 sumpsit
1325 2097 1431 2148 nonto
1444 2089 1561 2139 bondon-

339 2193 356 2219 “
380 2189 493 2249 nostra
527 2183 631 2269 culpa,
655 2189 695 2248 ut
726 2184 822 2249 novit
856 2185 926 2270 ipse
950 2185 1040 2261 deus,
1075 2185 1135 2250 sed
1168 2185 1293 2272 absque
1323 2186 1393 2250 ullo

341 2294 357 2320 “
381 2285 456 2351 dolo
478 2284 533 2350 vel
565 2285 681 2350 fraude
704 2285 878 2351 casualiter
900 2285 1043 2371 sumpsit
1065 2286 1200 2350 initium
1232 2291 1267 2352 et
1289 2308 1393 2372 usque
1406 2311 1536 2376 Theking

341 2396 360 2421 “
383 2387 418 2450 in
449 2407 592 2472 praesens
626 2386 909 2472 sumptuosissime
943 2387 1178 2464 continuatum
1202 2409 1319 2452 verum
1350 2379 1542 2494 ”efflissh‘m

342 2496 360 2525 “
384 2511 427 2554 ex
459 2489 584 2574 injusto
606 2487 693 2552 bello
726 2489 879 2574 redargui
911 2510 1079 2575 possemus
1101 2489 1156 2553 vel
1189 2490 1393 2575 reprehendi,
1407 2509 1507 2560 French

342 2595 360 2624 “
383 2589 563 2675 optulimus
593 2589 624 2655 ei
647 2589 754 2674 primo
776 2611 898 2676 pacem,
922 2595 958 2656 et
980 2590 1069 2674 pacis
1092 2590 1230 2656 formam
1253 2597 1393 2676 uterque
1407 2591 1465 2626 Μ’·

343 2699 360 2727 “
383 2698 533 2756 nostrum
556 2689 765 2776 amplexatus
788 2695 846 2755 est.
879 2691 988 2771 Quam
1011 2713 1087 2757 cum
1102 2713 1146 2757 ex
1163 2698 1258 2777 parte
1281 2697 1397 2757 nostra

344 2805 360 2832 “
384 2801 424 2861 ut
445 2796 601 2862 convenit
624 2815 755 2859 servare
779 2793 887 2880 parati
909 2816 1063 2871 essemus,
1086 2795 1156 2880 ipse
1189 2817 1260 2860 eam
1285 2796 1397 2861 renuit

343 2907 360 2934 ‘¹
383 2902 419 2962 et
450 2895 659 2981 contempsit,
694 2901 729 2960 et
766 2901 891 2980 quanto
930 2897 1036 2981 magis
1069 2916 1183 2982 pacem
1219 2897 1397 2982 quaerimus

345 3007 361 3033 “
385 3005 481 3065 tanta
503 2999 608 3085 magis
624 2997 667 3062 ab
690 3019 728 3062 ea
751 3019 882 3062 eramus
904 2997 1036 3083 longius
1051 2997 1204 3083 separati.
1237 2997 1396 3063 Videntes

345 3109 361 3136 “
384 3107 496 3165 autem
519 3120 578 3164 nos
609 3098 755 3163 finaliter
780 3099 826 3164 sic
856 3097 963 3175 illudi,
985 3096 1072 3163 hanc
1094 3121 1245 3184 guerram
1275 3099 1397 3184 incepi-

344 3213 362 3238 “
384 3225 465 3281 mus,
497 3207 532 3267 et
560 3202 589 3266 si
612 3222 741 3266 necesse
772 3201 873 3266 fuerit
903 3223 964 3287 pro
981 3200 1116 3286 justitia
1146 3211 1259 3267 nostra
1288 3222 1395 3268 conse·
1410 3209 1529 3259 Hemua

345 3303 516 3389 “quenda
553 3323 656 3387 usque
695 3301 738 3366 ad
776 3307 917 3366 mortem
967 3301 1246 3375 continuandam
1280 3324 1397 3367 verum
1409 3290 1509 3391 {ffi

343 3415 361 3440 “
385 3407 463 3491 quia
493 3410 590 3469 terrae
622 3407 744 3468 nostrae
772 3403 964 3489 Anglicanae
999 3424 1066 3468 non
1096 3425 1170 3467 sum
1203 3403 1269 3468 nisi
1302 3403 1397 3489 quasi

344 3516 361 3544 “
384 3529 470 3572 unus
493 3507 599 3570 malus
622 3510 739 3581 custos,
763 3512 799 3568 et
820 3526 887 3568 nou
911 3505 985 3590 ipsa
1007 3509 1096 3571 terra
1117 3511 1232 3571 nostra
1252 3506 1310 3570 sed
1326 3512 1399 3572 tota

345 3617 362 3646 ‘³
385 3607 571 3694 Anglicana
601 3605 734 3672 ecclesia
753 3605 824 3690 jam
848 3606 884 3669 in
906 3611 998 3672 arcto
1028 3607 1167 3692 ponitur
1188 3613 1223 3672 et
1245 3614 1398 3674 movetur

346 3721 362 3746 “
385 3711 520 3796 injuste,
558 3729 618 3774 nec
656 3708 848 3773 continuare
885 3729 1058 3792 possumus
1093 3710 1182 3794 quod
1217 3711 1398 3796 incepimus

346 3820 362 3848 ‘³
382 3813 447 3876 nisi
470 3811 511 3876 de
534 3811 648 3875 eadem
671 3815 759 3874 terra
782 3814 895 3874 nostra
917 3810 1013 3874 nobis
1036 3810 1198 3875 auxilium
1222 3812 1398 3890 tribuatur,

345 3923 363 3950 “
387 3913 506 3978 idcirco
534 3911 698 3977 orationes
730 3915 858 3974 vestras
893 3910 929 3974 in
951 3912 1109 3995 praesenti
1142 3913 1330 3997 expetimus
1364 3919 1399 3978 et

346 4023 363 4050 “
386 4021 536 4080 vestrum
580 4012 744 4077 auxilium
790 4012 1012 4097 implorantes,
1053 4017 1088 4077 et
1116 4013 1209 4097 juste
1247 4013 1524 4086 debetistnwa

344 4127 361 4152 ‘⁴
385 4115 511 4181 domini
534 4114 692 4181 carissimi
724 4119 757 4178 et
780 4114 944 4199 praecipue
966 4114 1033 4178 ista
1057 4116 1205 4179 oratione
1235 4115 1399 4200 impartiri
1411 4102 1479 4151 their
1489 4103 1556 4166 ΜΡ·

346 4217 548 4283 “auxilium
586 4216 742 4300 quoniam
780 4212 902 4280 videtis
940 4215 1075 4280 comites
1111 4221 1146 4279 et
1184 4217 1328 4281 barones
1364 4221 1399 4280 et

380 4469 526 4521 ¹aerraur't.
553 4469 629 4518 Some
650 4467 714 4518 sach
733 4465 842 4517 wardia
929 4466 1131 4528 ³exr'sleotr'bus,
1158 4467 1213 4526 A.;
1243 4467 1393 4517 exeuntibus

341 4565 478 4614 necessary
497 4555 524 4598 to
544 4547 587 4596 the
599 4562 682 4607 sense,
699 4547 746 4595 but
758 4545 780 4594 is
801 4553 845 4595 not
896 4547 951 4596 MS.

343 4629 369 4678 ln
381 4628 462 4678 either
474 4629 529 4677 MS.
930 4623 1093 4682 ⁴lrarr'asimr',
1116 4623 1201 4684 MSS,
1227 4623 1277 4673 and
1300 4620 1351 4672 this
1375 4623 1396 4672 is

346 4706 347 4709 ’
376 4706 519 4758 ²Ilereon
539 4705 600 4754 both
620 4702 732 4768 margins
751 4703 773 4753 is
788 4702 845 4752 Rea
897 4704 997 4766 usually
1008 4701 1052 4752 the
1065 4701 1140 4753 form.

342 4786 427 4850 erepit
437 4785 592 4835 medietatem
603 4783 678 4833 clero.
930 4780 940 4811 ‘
958 4779 1060 4840 debella,
1077 4782 1106 4830 Λ.
1117 4803 1124 4840 ;
1142 4779 1241 4840 deliris,
1252 4781 1310 4836 MS.
