3625 5784
426 903 488 964 212
770 917 912 964 tranunt
941 915 1121 964 xnrcnrns'

425 1113 518 1168 sancti
565 1113 708 1168 Johanuis
751 1118 833 1168 extra
879 1119 993 1185 portam
1034 1110 1164 1176 Omnia,
1203 1127 1314 1183 poueus
1350 1107 1476 1180 primum

426 1200 561 1274 lapidem.

471 1290 616 1346 Defuncto
648 1289 759 1345 dudum
782 1290 907 1346 Ricardo
940 1288 1143 1345 cantuariensi
1176 1286 1392 1359 archiepiscopo
1415 1303 1477 1341 sac·

427 1379 513 1434 cessit
536 1369 677 1434 ιιιιιιιιιι1
702 1379 873 1434 Edmuudus
896 1377 1129 1434 Abcndouiensis
1160 1381 1232 1434 tuuc
1259 1374 1478 1431 Salisburiensis

427 1468 645 1533 thesaurarium
669 1468 719 1538 qui
743 1469 796 1522 sub
830 1473 932 1523 octavo
966 1467 1140 1539 praesulatus
1171 1467 1217 1522 sui
1239 1483 1316 1519 anuo
1351 1464 1477 1519 obiitin

428 1557 631 1611 transmarinis
663 1557 804 1628 partibus,
827 1563 857 1612 et
890 1557 1020 1627 sepultus
1042 1561 1088 1611 est
1109 1555 1188 1626 apud
1219 1553 1424 1609 Pontiniacum
1446 1553 1476 1606 in

429 1645 611 1716 Burgundio,
650 1665 683 1701 ac
717 1634 925 1717 postmodum²
961 1645 1085 1716 septimo
1118 1663 1196 1699 anno
1232 1643 1389 1697 translatus
1433 1647 1479 1695 est

428 1735 544 1789 favente
566 1753 642 1806 papa
664 1735 836 1789 Innocentio
858 1739 969 1805 quarto.

474 1823 643 1878 Fredericus
673 1823 830 1894 imperator
852 1823 938 1877 duxit
969 1823 998 1876 in
1023 1840 1141 1877 uxorem
1164 1819 1318 1876 Isabellnm
1353 1836 1477 1875 somrem

429 1911 506 1980 regis
530 1912 658 1968 Henrici.
705 1912 768 1980 Quo
799 1930 876 1967 anno
910 1911 1006 1966 Judaei
1029 1911 1147 1965 adducti
1183 1916 1252 1964 sunt
1282 1927 1377 1964 coram
1409 1925 1479 1977 rege

429 2001 507 2071 apud
530 1999 831 2064 Westmonesterinm‚
848 2018 900 2072 pro
923 2019 958 2054 ιο
981 2000 1058 2070 quod
1081 2017 1203 2070 puerum
1224 1999 1377 2069 quemdam
1402 1997 1478 2068 apud

430 2079 630 2161 Νοιιιγιιιιιι3
651 2089 869 2154 absconderant,
886 2096 915 2143 et
931 2095 996 2159 post
1010 2088 1259 2143 circumcisionem
1275 2105 1395 2158 puerum
1412 2103 1478 2140 ιιιιιι

432 2177 609 2232 crucifixisse
631 2183 849 2249 proposuerant.

476 2265 538 2321 Rex
561 2267 708 2322 Heuricus
739 2265 925 2338 desponsavit
946 2267 1115 2322 Alienorum
1149 2265 1240 2320 filiam
1263 2264 1378 2319 comitis
1409 2263 1478 2318 Pro·

431 2355 544 2410 vincias.
590 2355 738 2411 Johannes
766 2355 897 2412 Scoticus
928 2373 1023 2411 comes
1045 2354 1165 2411 cesule
1183 2359 1214 2409 et
1236 2351 1479 2426 Huutyugdouias

430 2443 504 2498 obiit
526 2445 587 2498 sine
610 2445 709 2500 liberis
732 2444 810 2515 apud
834 2445 998 2499 Dareuhale
1021 2444 1071 2514 vij.
1088 2443 1153 2498 idus
1177 2443 1271 2508 Junii,
1295 2449 1326 2497 et
1349 2441 1480 2513 sepultus

430 2538 475 2587 est
499 2525 642 2589 (lestrise.⁴
687 2533 797 2589 Verum
821 2535 890 2604 qnia
913 2539 992 2588 terra
1015 2551 1067 2588 sus
1089 2532 1235 2603 gaudebat
1257 2532 1350 2602 regali
1373 2548 1479 2602 praero-

429 2623 540 2692 gativa,
565 2624 720 2677 comitatus
754 2621 818 2692 ejus
849 2623 886 2677 ad
909 2640 1013 2677 manus
1045 2625 1123 2692 regis
1155 2621 1283 2686 devenit,
1305 2620 1383 2674 datis
1414 2620 1479 2673 aliis

429 2712 516 2764 terris
538 2711 702 2766 haeredibus
732 2711 877 2766 sororibus
909 2713 968 2766 sais
993 2713 1022 2765 in
1046 2712 1322 2782 compensatiouem,
1346 2727 1391 2782 ne¹
1418 2715 1478 2763 tam

429 2799 570 2870 praeclara
593 2800 755 2855 dominatio
776 2801 855 2855 inter
870 2800 948 2855 colos
971 2801 1148 2854 seminarum
1170 2797 1262 2854 dividi
1286 2801 1478 2868 contingeret.

430 2887 542 2942 Habuit
564 2907 669 2960 nempe
694 2891 748 2944 istc
781 2889 929 2944 Joheunes
953 2901 1078 2959 quatuor
1110 2905 1232 2952 sorores,
1256 2888 1369 2942 scilieet
1399 2885 1478 2940 Mar-

429 2982 571 3046 gersam,
595 2995 662 3048 quse
685 2977 797 3033 nubens
822 2977 916 3032 Alauo
938 2977 974 3032 de
998 2967 1120 3049 Glerry⁶
1154 2979 1258 3048 genuit
1281 2963 1479 3046 Darnergoil⁶

429 3066 566 3136 puellam,
590 3065 626 3121 de
649 3083 708 3136 qna
723 3071 815 3138 nupta
838 3066 967 3121 Johsnni
990 3066 1026 3121 de
1044 3066 1151 3121 Baillol
1174 3067 1314 3137 processit
1329 3064 1480 3120 Johaanes

429 3153 534 3209 Bsiliol
558 3173 607 3210 rex
643 3157 757 3210 Scotiae.
805 3155 906 3209 Altera
938 3172 1019 3209 soror
1050 3154 1184 3220 Isabella‚
1219 3155 1320 3225 nupsit
1352 3153 1480 3208 Roberto

428 3242 465 3296 de
498 3245 583 3298 Brua.
630 3244 728 3298 Tertia
751 3261 832 3299 soror
863 3242 988 3298 Matilda
1019 3244 1091 3298 obiit
1122 3245 1184 3299 siue
1216 3244 1324 3298 liberis.
1369 3242 1480 3312 Quarto

430 3349 511 3386 soror
534 3332 611 3388 Alda
634 3334 733 3404 nupsit
756 3333 886 3387 Heurico
909 3332 945 3387 de
968 3332 1136 3402 Hastingcs.

476 3422 518 3476 llo
541 3439 655 3492 qnoque
678 3439 757 3476 anuo
779 3423 862 3476 venit
885 3421 1049 3476 Ottobonus
1073 3422 1188 3492 legatus
1211 3422 1242 3475 iu
1266 3421 1406 3492 Angliam
1429 3419 1478 3490 qui

430 3511 533 3564 statuit
570 3510 664 3564 multa
702 3510 829 3565 salubria
867 3509 904 3564 ad
943 3510 1073 3565 ccclesiae
1110 3510 1279 3565 utilitatem.
1326 3509 1389 3577 Quo
1427 3525 1480 3580 per

430 3597 572 3653 Oxoniam
619 3603 789 3653 transeunte
828 3617 953 3670 maguus
991 3600 1143 3654 conflictus
1187 3599 1282 3654 lactus
1320 3605 1365 3653 est
1402 3581 1640 3698 intermed-

430 3686 574 3742 scholares
603 3693 634 3741 et
665 3687 806 3758 quosdam
838 3689 874 3744 de
908 3679 1041 3742 familia⁷
1073 3705 1135 3753 saa,
1160 3689 1201 3743 its
1224 3692 1257 3742 ut
1278 3705 1339 3742 uno
1361 3703 1479 3741 suorum

430 3777 671 3847 interlecto,'ipse
688 3767 872 3832 Ottobouus⁸
888 3779 919 3832 iu
936 3779 1010 3832 turri
1033 3778 1163 3832 ecclesiae
1178 3775 1214 3831 de
1231 3765 1368 3848 Osueye⁹
1389 3791 1480 3845 usque
1540 3797 1543 3801 ·

430 3863 467 3918 ad
501 3883 651 3937 vesperam
684 3866 815 3922 obsessas
852 3867 901 3932 sit,
935 3872 965 3920 et
995 3867 1045 3920 rix
1083 3883 1135 3937 per
1171 3865 1280 3920 multos
1317 3865 1354 3919 de
1391 3866 1482 3933 regiis

430 3955 572 4008 ministris
603 3955 640 4008 ab
673 3955 845 4010 Abendouin
883 3957 1033 4010 venientes
1070 3955 1187 4010 liberari
1220 3960 1336 4026 posset3
1370 3952 1480 4008 idcirco

430 4059 521 4114 usque
543 4042 581 4098 ad
593 4033 618 4072 ¹⁰
640 4043 839 4112 Walingsorde
863 4044 1005 4098 adductus
1039 4043 1239 4099 malefactores
1272 4043 1338 4098 illos
1369 4058 1480 4097 excom-

428 4215 569 4226 --...-,-.
580 4221 762 4231 -———-—.-.-
779 4225 786 4230 .
799 4224 836 4230 ...-
850 4225 887 4230 --.
901 4225 960 4230 ---
980 4223 1166 4230 ...ο--ιο--μ-
1206 4221 1476 4230 ——-——-—---

465 4333 471 4366 ¹
495 4334 563 4382 llere
581 4349 614 4383 ou
640 4333 681 4383 the
705 4333 802 4396 margin
821 4333 851 4382 oi
870 4331 930 4380 both
957 4341 961 4391 ι
1013 4331 1024 4363 ⁸
1045 4329 1264 4394 Germanas.

429 4413 503 4462 Mss.
525 4413 546 4460 is
567 4410 676 4461 Sanctus
695 4410 846 4460 Ednmndns
861 4411 931 4459 Can·
1015 4409 1025 4442 ⁸
1044 4409 1193 4473 Deverpoil,
1206 4410 1282 4473 lligd.

428 4491 572 4541 lnoriensis.
1014 4487 1024 4526 ἵ
1035 4487 1144 4553 familia
1155 4487 1216 4553 aaa]
1237 4488 1297 4546 suis,
1310 4488 1387 4553 lligd.

461 4570 472 4601 ‘²
489 4569 545 4628 aab,
558 4570 614 4618 add.
629 4569 706 4632 lligrl.
1013 4567 1024 4598 ¹
1044 4567 1111 4616 Here
1124 4581 1157 4616 ou
1169 4567 1229 4615 both
1243 4567 1355 4631 margins
1372 4567 1394 4616 is
1409 4567 1482 4617 Ollo-

461 4649 471 4680 ³
490 4647 650 4709 Norwyrnm,
670 4644 765 4712 lligd.;
795 4644 931 4708 Nnrllrwp-
981 4646 1061 4695 bonas
1074 4645 1181 4709 lapsine.

427 4743 489 4784 nrm,
501 4725 558 4775 MS.
1013 4723 1024 4755 ’
1045 4725 1152 4786 (lasney,
1166 4721 1243 4787 lligsl.

460 4805 470 4835 ⁴
489 4801 559 4866 apud
574 4801 708 4856 Ceslrium.
721 4800 797 4864 lliprl.
1014 4801 1034 4833 ¹⁰
1051 4801 1100 4867 nd]
1120 4817 1169 4850 nm.
1182 4801 1259 4867 lligd.
