3625 5784
625 946 896 999 nmcmmnusrs
918 947 1128 998 cuuourcou.
1342 935 1405 1003 153

355 1147 519 1206 Britannias
541 1146 675 1205 relictam
698 1145 835 1204 Ganiridi
868 1147 923 1202 filii
955 1147 1013 1214 sui,
1046 1165 1114 1204 cnm
1148 1153 1211 1204 tota
1242 1149 1406 1208 Britannias

356 1240 468 1296 minore
491 1244 612 1295 etcum
646 1237 786 1293 comitatu
822 1236 1054 1294 Richemuudiae.
1102 1239 1196 1310 Reges
1221 1240 1353 1297 Ebunciae
1375 1247 1406 1297 et

357 1329 476 1400 Anglire
499 1334 529 1384 et
561 1327 703 1384 Ricardus
726 1346 821 1382 comes
844 1327 985 1382 Pictaviae
1008 1346 1076 1382 cum
1099 1329 1164 1384 aliis
1186 1329 1289 1385 multis
1321 1331 1405 1386 nobi·

358 1419 436 1474 libus
451 1419 499 1474 die
521 1417 616 1474 sancti
632 1406 773 1488 Georgii¹
798 1434 884 1472 eruce
907 1417 1063 1488 signantur
1085 1418 1123 1474 ed
1145 1437 1301 1474 nnmerum
1325 1435 1402 1476 cunr.

359 1497 536 1577 [millium].2
592 1507 655 1576 Quo
678 1524 755 1562 anno
785 1505 956 1562 Ebedericm
987 1508 1151 1580 Imperator
1176 1509 1247 1564 dnm
1285 1509 1404 1566 Terram

358 1603 489 1653 sanctam
511 1597 778 1652 excommunicatus
810 1596 914 1663 adiret,
938 1595 1022 1651 duxit
1053 1597 1213 1654 exereitum
1245 1616 1330 1654 snum
1354 1618 1405 1671 per

359 1686 653 1758 Constantinopolim,
670 1686 722 1741 sed
744 1685 781 1740 ob
802 1686 929 1740 nimium
953 1692 1057 1741 testum
1080 1688 1111 1740 in
1135 1687 1260 1759 quodam
1283 1688 1405 1744 flumine

359 1777 518 1842 Armenias,
541 1776 619 1848 quod
642 1775 750 1831 dicitnr
773 1774 850 1831 Gula
873 1775 1021 1840 Sathanae,
1046 1793 1076 1831 se
1098 1776 1237 1832 balneans
1259 1779 1405 1834 extinctus

360 1871 424 1933 est,
462 1868 510 1921 vel
544 1864 704 1921 secuudum
726 1864 810 1931 alios,
848 1882 923 1937 equo
945 1881 997 1920 suo
1032 1865 1214 1937 impingente
1246 1867 1279 1922 in
1301 1885 1406 1939 aquam

360 1955 466 2012 cecidit
480 1960 510 2012 et
524 1955 688 2011 submersus
703 1958 768 2022 est;
793 1954 871 2026 apud
886 1955 996 2026 'Pyrum
1011 1954 1156 2026 sepelitur.
1192 1956 1407 2028 Primogenitus

361 2063 431 2101 snus
447 2045 546 2100 inille
557 2044 741 2116 expeditione
763 2044 893 2099 sublatus
906 2033 1000 2112 [est].³
1024 2046 1169 2101 Successit
1191 2045 1229 2100 ad
1252 2046 1407 2119 imperinm

361 2135 587 2191 Teutonicornm
602 2135 677 2188 alter
692 2133 770 2189 filius
792 2131 855 2203 ejus
877 2132 1024 2188 Henricue
1040 2135 1086 2188 r¹¹⁸
1108 2133 1159 2206 qui
1181 2137 1316 2206 regnarit
1338 2137 1402 2209 viij.

362 2224 447 2281 annis
469 2230 500 2280 et
534 2221 703 2294 subjugavit
735 2222 874 2294 Apuliam
905 2227 936 2278 et
968 2223 1110 2289 Siciliam,
1134 2223 1186 2280 sed
1217 2226 1286 2296 quia
1308 2244 1408 2298 regem

362 2315 481 2385 Anglioe
497 2313 656 2370 Ricardum
673 2313 709 2368 de
724 2312 815 2368 Terra
836 2317 937 2368 sancta
958 2317 1151 2369 revertentem
1168 2314 1203 2370 de
1226 2333 1339 2372 carcere
1355 2334 1407 2371 sno

363 2406 422 2459 nisi
444 2404 512 2459 data
533 2402 658 2474 pecunia
680 2403 775 2457 multa
806 2401 929 2458 liberare
960 2403 1104 2469 noluerat,
1142 2405 1408 2462 excommunicatus

364 2499 408 2549 est
422 2512 440 2549 a
455 2512 530 2566 papa
546 2491 700 2548 celestino.
732 2491 793 2547 Sub
815 2509 873 2562 qua
895 2491 1040 2546 sententia
1055 2492 1196 2549 decedens
1211 2494 1327 2566 sepeliri
1348 2513 1408 2550 non

364 2588 478 2655 poterat
500 2581 559 2637 nisi
591 2585 643 2637 aut
672 2581 788 2636 reddita
810 2579 937 2636 Ricardo
971 2581 1036 2652 regi
1057 2583 1182 2654 pecnnia
1206 2590 1333 2656 recepte,
1357 2589 1409 2640 aut

364 2673 400 2727 de
423 2671 612 2745 permissione
643 2670 762 2726 Ricerdi
793 2674 871 2725 terra
892 2669 1063 2726 traderetur.
1109 2672 1173 2726 Hoc
1196 2690 1309 2745 quoque
1332 2692 1409 2730 anuo

364 2767 428 2818 orta
450 2761 628 2816 dissensione
660 2760 738 2814 inter
769 2759 864 2830 Reges
895 2759 1014 2830 Angliae
1047 2763 1078 2815 et
1109 2761 1240 2817 Francise
1272 2767 1335 2819 tota
1358 2763 1410 2818 illa

364 2851 489 2923 pecunia
534 2868 600 2922 quas
646 2849 683 2904 ad
717 2850 881 2921 profectum
916 2848 1193 2922 ierosolymitanum
1231 2869 1267 2906 ex
1310 2869 1408 2908 rerum

365 2939 558 2996 decimatione
581 2939 703 2994 collecta
725 2940 821 2994 fuerat
843 2939 998 3010 absumpta
1021 2944 1071 2994 est.
1109 2939 1187 2995 Nam
1210 2941 1289 3012 apud
1306 2942 1408 2997 urbem

365 3019 636 3086 Oenomanuicam⁴
669 3018 879 3100 querentibns⁶
918 3031 1020 3083 contra
1051 3045 1150 3098 regem
1187 3029 1306 3100 Anglim
1340 3048 1409 3102 rege

364 3120 495 3175 Francia
518 3123 548 3174 et
570 3116 694 3173 Ricardo
717 3118 890 3187 Pictavensi,
914 3135 964 3172 rex
982 3117 1128 3173 Esuriens
1151 3118 1221 3174 fecit
1239 3120 1409 3176 suburbium

365 3209 501 3265 succendi
524 3209 562 3264 ad
585 3207 739 3273 cautelam,
763 3225 801 3262 ne
834 3206 966 3262 hostibus
989 3207 1050 3262 suis
1072 3208 1147 3262 foret
1170 3209 1207 3264 ad
1230 3209 1408 3282 praesidium.

365 3299 420 3356 Vis
442 3298 524 3354 vent-i
555 3302 665 3352 retorta
688 3296 833 3352 convertit
865 3297 1014 3352 flammam
1046 3295 1077 3351 iu
1112 3298 1223 3365 urbem,
1248 3302 1278 3354 et
1315 3306 1409 3357 totam

366 3388 534 3454 combussit,
569 3391 600 3442 et
630 3404 728 3457 regem
752 3385 915 3441 Henricum
947 3385 1025 3441 exire
1057 3387 1160 3458 coegit.
1219 3386 1276 3458 Qui
1308 3391 1339 3445 in
1362 3408 1410 3447 re·

195 3449 281 3566 {W
294 3448 342 3500 ⁰⁰¹·
366 3478 493 3534 cedendo
508 3476 581 3532 talia
603 3475 688 3541 dixit,
714 3474 822 3544 “Quia
837 3479 882 3542 tu,
906 3475 987 3542 deus,
1012 3476 1114 3531 urbem
1137 3476 1173 3532 cle
1197 3479 1307 3534 mundo
1322 3499 1408 3554 quam

367 3569 386 3593 “
411 3569 477 3640 plus
500 3566 589 3622 dilexi
612 3565 698 3620 hodie
721 3585 740 3620 a
763 3583 811 3620 me
836 3569 897 3619 tam
930 3565 1055 3636 turpiter
1087 3566 1243 3634 abstulisti,
1267 3586 1320 3640 ego
1354 3571 1407 3627 tibi

367 3658 386 3684 ‘⁶
410 3656 531 3713 reddam
552 3655 701 3710 talionem.
746 3655 824 3709 Nam
849 3653 885 3709 de
908 3659 1012 3708 caetoro
1035 3655 1163 3711 anserem
1185 3675 1203 3711 a
1224 3661 1254 3714 te
1277 3658 1356 3730 quod
1377 3661 1410 3716 in

367 3748 387 3772 ‘⁶
411 3765 458 3802 me
479 3746 547 3818 plus
569 3745 683 3817 placere
706 3743 832 3809 deberet,
856 3743 935 3814 quod
951 3748 996 3798 est
1027 3762 1075 3800 cor
1113 3737 1237 3802 rneum.'’
1284 3749 1410 3807 Demum

366 3837 444 3908 apud
466 3824 634 3891 Turonem⁰
657 3833 731 3889 febri
753 3837 903 3904 correptus
927 3851 1027 3904 pacem
1051 3833 1129 3906 regis
1155 3835 1334 3894 Francorum
1357 3841 1410 3895 sub

365 3925 421 3982 hac
458 3926 552 3981 forma
584 3923 707 3996 optarit,
746 3921 824 3995 quod
861 3922 965 3993 gratim
1003 3923 1082 3994 regis
1120 3924 1298 3982 Francorum
1331 3931 1411 3985 salvo

365 4016 474 4071 honore
508 4031 561 4069 suo
591 4013 735 4085 regnique
767 4011 813 4067 sui
847 4030 954 4068 corona
987 4012 1114 4068 libenter
1145 4032 1175 4070 se
1199 4015 1408 4087 submitteret,

366 4106 417 4161 sed
431 4106 548 4171 frustra,
565 4104 635 4175 quie
656 4119 758 4174 pacem
773 4119 833 4157 non
856 4101 943 4158 aliter
958 4091 1111 4174 optinuit⁷
1133 4103 1192 4158 nisi
1215 4105 1318 4174 grstiae
1333 4109 1412 4178 regis

366 4194 496 4249 absolute
519 4212 550 4249 se
583 4191 789 4248 submittendo.
837 4193 877 4246 Et
898 4191 1003 4246 merito
1025 4191 1080 4247 hec
1104 4191 1160 4246 sibi
1182 4196 1327 4264 provenit,
1344 4197 1413 4268 qnia

365 4284 442 4339 illud
463 4283 595 4352 verbnm,
619 4284 639 4309 ‘⁶
654 4281 742 4338 Salvo
764 4281 875 4337 honore
897 4281 946 4336 dei
968 4285 998 4336 et
1021 4279 1132 4336 ordinis
1163 4281 1208 4336 sni
1225 4283 1369 4353 dignitate
1384 4290 1414 4341 et

366 4374 384 4400 ‘⁴
402 4371 533 4430 ecclesiae
548 4361 712 4438 libertate,''
729 4371 849 4427 Thomas
861 4388 921 4426 uon
937 4370 1088 4426 concessit.
1123 4369 1222 4441 Igitur
1245 4389 1312 4427 cum
1336 4374 1415 4446 apud

397 4643 406 4677 ¹
427 4640 547 4706 Georgia]
569 4637 694 4704 Gregorii,
703 4637 781 4703 Higd.
948 4633 1150 4703 ⁶querentibue]
1198 4638 1416 4707 convenientibus,

397 4717 624 4784 maritumam
636 4715 714 4782 urge.
915 4715 994 4781 urge.

397 4799 409 4832 ³
424 4800 473 4864 est]
493 4798 560 4848 irem
571 4796 651 4863 Higd.
948 4795 958 4827 ⁶
980 4795 1158 4856 Tbrcnensm,
1169 4793 1249 4862 Higd.

397 4881 408 4914 ⁴
427 4876 632 4945 celemensium,
644 4875 722 4945 Higd.
948 4873 958 4911 ⁷
975 4873 1100 4950 optinuit]
1120 4874 1252 4951 obtineret,
1263 4877 1341 4945 Higd,
