3625 5784
417 855 480 918 106
773 870 921 920 aramei
945 870 1129 921 ememor

417 1072 513 1128 aulam
547 1069 679 1127 Muniam
715 1071 767 1128 ubi
798 1077 882 1127 erant
917 1071 975 1126 duo
1008 1071 1130 1127 comites
1167 1068 1302 1143 predicti
1340 1072 1471 1129 accessit.

419 1160 475 1217 Oui
522 1162 593 1216 dum
631 1179 728 1218 comes
767 1161 891 1234 Salopiae
931 1159 1048 1216 obviam
1087 1161 1215 1228 daretur,
1255 1161 1363 1233 sagitta
1406 1181 1470 1235 per·

419 1269 519 1306 cussus
556 1253 589 1306 iu
622 1251 707 1307 oculo
739 1251 787 1307 die
818 1251 883 1323 viij.
922 1256 989 1322 post
1026 1256 1223 1323 perpetratam
1258 1251 1291 1307 in
1323 1253 1471 1310 sacerdote

416 1341 558 1412 praedicto
581 1340 726 1398 saevitiam
748 1341 822 1396 obiit
843 1347 874 1397 et
895 1342 976 1414 apud
999 1340 1145 1413 Salapiam
1168 1341 1339 1397 tumulatus.
1386 1343 1471 1398 Circo

416 1431 481 1486 haec
510 1436 643 1503 tempora
672 1432 850 1487 Herebertus
888 1431 985 1486 dictus
1019 1420 1173 1502 Losanga¹
1204 1431 1291 1486 abbas
1323 1433 1470 1504 quondam

416 1512 584 1577 Remesiae²
606 1521 657 1576 sed
679 1526 751 1576 tuno
773 1509 952 1592 episeopus³
974 1520 1148 1586 Tedfordiae,
1164 1537 1289 1591 magnus
1305 1521 1336 1576 in
1358 1521 1470 1592 Anglia

415 1611 506 1665 lomes
555 1610 696 1683 aymoniae
735 1611 845 1675 extitit,
884 1629 918 1665 eo
958 1610 1035 1682 quod
1074 1611 1171 1666 sedem
1217 1627 1300 1665 snam
1337 1629 1355 1666 a
1399 1629 1468 1682 rega

414 1705 533 1755 emerat.
594 1699 653 1755 Hie
690 1705 791 1755 tamen
828 1704 984 1773 postquam
1021 1717 1175 1772 erroneum
1210 1699 1375 1771 juventutis
1413 1700 1468 1756 im·

414 1795 515 1861 petum
551 1789 725 1856 deflevisset,
749 1790 873 1846 Romam
906 1788 972 1856 ivit,
1004 1788 1073 1844 inde
1104 1789 1220 1845 rediens
1252 1791 1349 1846 sedem
1383 1807 1467 1846 suam

415 1896 507 1951 usquc
530 1878 698 1934 Norwicum
730 1879 895 1945 transtulit,
918 1879 969 1934 ubi
1001 1879 1120 1951 quidem
1154 1879 1265 1934 celebre
1300 1880 1466 1936 coeuobium

414 1967 550 2023 fundavit
583 1968 727 2024 derebus
761 1969 864 2040 utique
898 1969 959 2024 suia
981 1986 1041 2025 non
1075 1967 1297 2040 episcopalibus.
1344 1969 1402 2026 Sed
1435 1975 1466 2025 et

413 2057 492 2130 apud
514 2058 701 2113 Tedfordiam
733 2058 891 2114 monachos
914 2058 1120 2114 Cluniaeenses
1143 2057 1274 2113 instituit
1308 2058 1466 2131 locupletes

413 2146 531 2219 quidem
576 2149 608 2202 iu
657 2147 754 2203 seculo
799 2154 830 2203 et
867 2146 1030 2220 splendidae
1067 2138 1241 2218 religionis.⁴
1286 2147 1336 2202 Sic
1373 2148 1466 2220 igitur

411 2242 558 2292 correctus
594 2241 639 2292 eat
676 2237 854 2292 Horebertus
892 2236 1004 2308 duplici
1042 2237 1159 2307 quidem
1190 2237 1366 2309 pronostica,
1404 2256 1464 2293 uno

410 2326 548 2382 videlieet
570 2325 789 2398 predecessoris
811 2327 858 2382 sui
880 2326 1011 2382 Herlaeti
1034 2326 1144 2382 indicio
1167 2327 1246 2399 quod
1268 2331 1340 2392 erat,
1366 2329 1384 2353 “
1397 2327 1464 2382 Non

412 2418 431 2441 “
448 2416 528 2471 hunc
542 2416 593 2471 sed
608 2417 770 2472 Barabbam
781 2418 809 2473 :⁹¹
825 2422 855 2472 et
871 2435 922 2472 auo
938 2417 1065 2488 proprio,
1082 2415 1246 2487 quoderat,
1265 2417 1284 2441 ‘¹
1295 2415 1409 2482 Amice,
1427 2417 1465 2472 ed

412 2506 432 2531 “
457 2505 529 2576 quid
538 2505 646 2560 venisti
656 2507 689 2562 ?’'
729 2507 793 2576 Quo
808 2505 919 2572 audito,
931 2506 1152 2561 lacrimabiliter
1163 2506 1216 2572 ait,
1229 2509 1248 2532 ‘⁴
1261 2507 1338 2562 Male
1354 2506 1463 2561 intravi

411 2595 430 2620 “
454 2597 556 2660 fateor,
581 2595 631 2651 sed
652 2614 706 2668 per
727 2596 775 2652 dei
806 2596 933 2667 gratiam
955 2597 1029 2652 bene
1051 2595 1222 2666 egrediar;”
1255 2594 1333 2652 uude
1356 2596 1463 2667 saepius

411 2685 597 2756 postmodum
620 2686 696 2740 illud
711 2686 791 2741 Petri
813 2685 947 2749 recoluit,
961 2687 979 2710 ‘⁴
995 2684 1164 2740 Erravimus
1177 2683 1310 2756 juvenes,
1326 2685 1462 2740 emenda·

411 2776 430 2799 “
454 2791 521 2830 mua
542 2776 653 2831 senes.”
699 2777 816 2830 Interea
837 2793 888 2831 rex
911 2773 1076 2830 Willelmus
1100 2774 1135 2830 de
1151 2775 1334 2830 Narmanuia
1347 2775 1463 2830 rediens

410 2883 478 2920 cum
500 2866 595 2937 primo
618 2883 755 2936 magnam
777 2867 875 2921 aulam
897 2855 1174 2920 westmonasterii⁵
1197 2864 1364 2936 aspexisset,
1388 2864 1464 2919 dixit

411 2973 475 3010 cem
513 2955 619 3010 debitas
656 2953 870 3025 magnitudinis
907 2953 1030 3009 dimidia
1073 2957 1156 3025 parto
1189 2971 1294 3018 carere,
1328 2972 1386 3025 qua
1428 2953 1464 3010 de

411 3062 497 3100 causa
518 3044 613 3116 ipsam
636 3046 733 3100 aulam
755 3048 945 3117 proposuerat
968 3043 1116 3098 ordinasse
1139 3061 1192 3114 pro
1215 3061 1339 3099 camera.

446 3136 520 3190 Item
538 3133 642 3189 Mem
661 3133 785 3206 capitulo
804 3133 918 3188 deuicto.
966 3132 1050 3188 (lirca
1073 3133 1125 3188 hos
1147 3133 1209 3188 dies
1236 3132 1267 3186 in
1291 3133 1464 3204 Burgimdia

412 3222 597 3277 Cabilonansi
631 3221 740 3277 diocesi
779 3221 849 3276 ordo
881 3221 1083 3278 Oiatarciansis
1115 3211 1251 3294 incepit,⁶
1283 3223 1340 3279 isto
1367 3224 1461 3279 modo,

412 3312 537 3381 Quidam
559 3311 729 3381 Herdingus
746 3300 884 3383 Stomps⁷
898 3311 1027 3380 nomine,
1041 3311 1158 3382 Anglus
1180 3312 1308 3376 natione,
1333 3331 1351 3367 a
1373 3329 1462 3383 puero

413 3400 628 3457 Schireburniae
660 3401 821 3456 monachus
855 3401 983 3457 Sentium
1016 3401 1135 3456 tandem
1169 3401 1252 3466 adiit,
1277 3400 1461 3472 postmodum

411 3492 565 3546 Franciam
588 3489 758 3546 conscendit
780 3490 832 3546 ubi
854 3489 1024 3545 liberalibus
1046 3488 1157 3545 artibus
1181 3490 1335 3545 intendens
1367 3488 1461 3546 divini

410 3579 517 3635 amoris
540 3579 674 3635 stimulos
700 3579 821 3650 accepit,
846 3579 969 3634 Romam
993 3579 1087 3634 denuo
1111 3597 1178 3634 cum
1201 3579 1326 3651 quodam
1348 3579 1461 3635 condis-

411 3669 508 3741 cipulo
539 3669 621 3724 adiit.
666 3669 729 3724 Hos
761 3669 833 3724 duos
863 3669 947 3724 nulla
977 3686 1106 3740 unquam
1140 3669 1274 3726 molestia
1306 3675 1357 3724 aut
1390 3670 1462 3724 obex

412 3757 566 3830 impedivit
588 3759 659 3829 quin
691 3757 863 3830 psalterium
885 3758 993 3814 cotidie
1025 3763 1186 3813 cantarent.
1233 3758 1369 3830 Spirabat
1399 3758 1463 3829 ejua

412 3847 527 3904 animus
550 3848 628 3920 quod
649 3849 835 3920 postmodnm
858 3847 978 3903 adorsus
1001 3853 1054 3913 cst,
1079 3865 1148 3902 uam
1183 3848 1301 3903 tandem
1324 3849 1462 3919 Burgun-

412 3937 491 3993 diam
528 3955 675 4009 regressus
712 3937 743 3993 in
780 3927 953 3995 ΜοΙοεὶιιο8
974 3955 1082 4008 magno
1120 3943 1150 3992 et
1186 3955 1263 3993 novo
1284 3939 1463 3994 monasterio

412 4028 522 4084 crinem
545 4027 661 4097 dejecit,
683 4027 735 4082 ubi
757 4027 852 4099 primo
873 4028 985 4098 regulae
1020 4027 1165 4082 elementa
1187 4027 1258 4082 olim
1282 4025 1343 4082 visa
1377 4027 1462 4084 facile

411 4117 611 4188 deprehendit.
657 4115 732 4172 Cum
747 4123 846 4173 autem
868 4117 927 4172 alia
950 4120 1182 4189 proponerentur
1196 4115 1374 4172 observanda
1396 4135 1462 4189 quta
1474 4109 1557 4226 Ἠ·
1569 4109 1617 4158 ⁰⁰¹·

441 4409 451 4441 ¹
472 4406 594 4474 losinga,
606 4407 685 4474 Higd.
991 4405 1059 4456 ὅοη
1071 4405 1132 4456 both
1147 4405 1269 4474 margins,
1285 4407 1357 4459 Aula
1380 4408 1463 4460 West-

441 4487 452 4520 ¹
470 4487 605 4547 Remeato,
617 4488 697 4554 lligd.
958 4490 1169 4540 monueterienar'a.

440 4565 509 4618 ³011
516 4567 578 4617 both
587 4565 706 4634 margins,
715 4566 794 4616 Sedes
802 4565 909 4632 [Regae
991 4565 1060 4618 ⁶Ou
1072 4567 1134 4617 both
1145 4568 1268 4634 margins,
1281 4569 1462 4622 OrdoCialer·

407 4647 479 4712 Md]
509 4645 655 4710 Tedsordioe
678 4644 809 4696 translata
831 4662 909 4710 usqtce
958 4645 1161 4711 cr'enaiar‘ncipit.

407 4726 564 4778 Numicum.
991 4725 1179 4792 ⁷Hardr'n9na
1189 4726 1346 4794 Stephanum,
1359 4728 1439 4796 Higd.

442 4805 454 4838 ⁴
468 4803 497 4856 in
510 4805 590 4864 domo,
600 4805 659 4856 add.
670 4802 751 4870 Higd.
991 4804 1002 4837 ⁸
1018 4804 1148 4866 Moliamo,
1165 4805 1242 4874 Higa
