3625 5784
616 873 887 925 amonemurss
908 872 1119 925 cnaomcor.
1321 851 1387 923 127

333 1069 462 1145 mosynis
484 1090 538 1129 sua
559 1077 678 1146 peccata
697 1073 863 1130 redimeret
915 1073 1002 1131 Unde
1033 1075 1064 1128 et
1094 1087 1146 1126 rex
1180 1070 1213 1126 in
1235 1069 1383 1126 redeundo

332 1161 483 1233 Angliam‚
499 1162 594 1218 nimia
614 1168 788 1236 tempestate
810 1169 963 1236 quassatus
985 1167 1039 1228 est,
1055 1160 1193 1232 vovitque
1217 1165 1252 1216 ut
1270 1165 1381 1232 septem

332 1253 417 1308 annis
438 1252 584 1308 Danicum
617 1253 763 1309 tributum
785 1253 939 1319 relaxaret,
963 1257 998 1308 ut
1031 1254 1165 1306 sanctum
1188 1249 1377 1307 Edmundum

332 1341 475 1408 risitaret,
498 1346 534 1398 ut
551 1341 701 1414 justitiam
723 1345 840 1399 faceret.

372 1431 413 1486 Iu
443 1437 522 1488 terra
544 1432 677 1489 Francius
707 1437 791 1488 tanta
824 1432 940 1488 siccitas
974 1431 1031 1487 fuit
1053 1438 1088 1488 ut
1119 1431 1203 1488 fluvii
1226 1434 1256 1486 st
1286 1429 1382 1484 fontes

332 1519 519 1588 siccarentur,
554 1522 634 1594 ignis
655 1539 769 1594 quoque
799 1541 852 1595 per
874 1521 964 1577 rimas
986 1527 1095 1577 terram
1127 1521 1305 1587 subintrans,
1328 1535 1383 1574 nec

331 1609 425 1665 imbre
446 1629 502 1666 nec
523 1612 633 1682 frigore
654 1629 710 1668 nec
733 1611 832 1684 aliqua
854 1617 916 1668 arte
938 1611 1071 1682 extingui
1094 1611 1205 1689 potuit,

376 1700 441 1756 Hoc
462 1719 540 1757 anno
563 1701 707 1758 Robcrtus
730 1701 877 1774 quendam
904 1718 1000 1757 comcs
1022 1700 1215 1758 Normanuise
1238 1702 1268 1754 et
1291 1697 1382 1753 frater

331 1790 410 1860 regis
431 1789 505 1846 obiit
526 1790 605 1863 apud
628 1789 736 1848 (lerdis.
782 1791 934 1847 Fundatus
957 1795 1001 1846 cst
1023 1781 1190 1863 prioratus¹
1212 1790 1328 1846 Norton
1350 1787 1382 1841 in

331 1879 483 1950 provincia
515 1880 637 1937 Oestriae
658 1899 677 1936 a
708 1880 857 1937 Willelmo
890 1880 952 1936 filio
985 1879 1108 1952 Nigelli.
1155 1881 1194 1935 Et
1227 1877 1380 1934 fundatum

331 1973 377 2024 eet
397 1969 607 2026 monasterium
630 1971 666 2026 de
689 1958 904 2026 onmem-merl
924 1970 957 2024 in
979 1969 1080 2026 eadem
1102 1967 1260 2042 provincia

374 2058 414 2114 Et
444 2064 532 2115 natus
554 2065 599 2116 est
621 2059 768 2134 Ilenricus
790 2059 870 2115 filius
900 2058 1105 2131 imperatricis,
1129 2059 1226 2115 dictus
1261 2058 1382 2114 courte-

330 2149 448 2205 mantel.
494 2149 557 2205 Rex
580 2149 726 2206 Henricus
749 2148 823 2206 obiit
844 2150 877 2204 in
899 2148 1099 2204 Normannia:
1123 2149 1159 2204 de
1182 2166 1240 2222 quo
1263 2145 1382 2218 quidam

331 2237 452 2294 metrice
474 2239 516 2295 sic
539 2239 662 2296 cecinit:

419 2403 482 2459 Rex
505 2403 652 2459 Henricus
673 2402 745 2470 obit,
768 2403 856 2458 decus
878 2400 950 2457 olim
972 2419 1051 2458 nune
1073 2401 1156 2458 dolor
1178 2403 1274 2470 erbis;

462 2492 593 2548 Numina
615 2493 687 2548 flent
708 2510 819 2549 numen
842 2491 999 2563 deperiisse
1021 2509 1116 2548 suum.

417 2581 581 2638 Mercurius
602 2583 699 2638 minor
720 2580 847 2654 eloquio,
870 2580 902 2637 ri
924 2581 1033 2637 mentis
1055 2581 1173 2654 Apollo,

463 2672 577 2746 Iupiter
599 2671 734 2745 imperio,
757 2670 894 2742 Marsque
918 2659 1041 2726 dolore3
1064 2671 1165 2740 gemit.

418 2761 509 2817 Ianus
532 2762 647 2818 cautela
669 2760 777 2828 minor,
801 2759 921 2816 Alcides
942 2759 1096 2832 probitate,

464 2851 610 2907 Conflictu
632 2851 740 2918 Pallas,
763 2855 827 2906 arte
849 2849 984 2904 Minerva
1005 2849 1105 2919 gemit.

421 2939 531 3012 Anglia
553 2959 620 3014 quae
643 2941 737 3008 cunis,
761 2958 827 3012 quae
849 2943 963 3010 sceptro
985 2937 1116 2992 numinis
1139 2935 1227 3008 hujus

463 3030 565 3086 Ardua
588 3031 775 3102 splenduerat
794 3027 857 3100 jam
878 3027 1031 3083 tenebrosa
1052 3027 1121 3083 ruit.

419 3120 493 3179 Hac
515 3138 583 3176 cum
605 3138 675 3191 rege
697 3137 760 3186 suo,
784 3118 969 3175 Normannia
990 3135 1059 3173 cum
1081 3116 1155 3174 duce
1177 3118 1312 3184 marcet,

463 3209 580 3266 Nutriit
600 3209 666 3266 hmo
688 3226 824 3282 puerum,
846 3207 977 3280 perdidit
999 3207 1052 3262 illa
1073 3206 1181 3264 virum.

374 3401 493 3456 Mortuo
537 3417 606 3470 rege
644 3398 773 3456 Henrico
811 3396 904 3453 libera
942 3400 977 3452 ut
1013 3397 1120 3453 assolet
1158 3396 1189 3452 in
1231 3401 1381 3453 mortuum

327 3489 440 3563 judicia
469 3488 683 3560 jaculabantur.
728 3486 791 3542 Alii
812 3504 918 3558 nempe
940 3487 1035 3542 tribus
1058 3504 1126 3542 eum
1159 3483 1286 3542 radiasse
1308 3488 1379 3542 fere·

331 3581 413 3648 bant,
446 3579 599 3652 sepientis,
623 3577 801 3651 eloquentia,
824 3575 895 3632 belli
929 3576 1055 3632 fortuna.
1100 3575 1164 3631 Alii
1197 3593 1265 3632 rere
1288 3575 1382 3632 tribus

331 3669 414 3725 vitiis
458 3687 526 3724 eum
564 3667 748 3724 succubuisse
795 3666 970 3732 asserebant,
1010 3665 1180 3738 cupiditate,
1219 3667 1381 3738 voluptate,

332 3758 514 3815 crudelitate.
561 3756 673 3830 Corpus
696 3757 795 3828 itaque
817 3755 897 3827 regis
927 3755 1128 3823 evisceratum,
1152 3757 1382 3812 excerebratum-

157 3853 309 3919 Twymel.
332 3868 399 3922 que,
421 3848 516 3904 multo
548 3848 608 3903 sale
639 3863 803 3919 remersum
836 3850 891 3912 est,
914 3849 1002 3918 atque
1025 3863 1111 3902 causa
1145 3845 1247 3901 fetoris
1268 3844 1382 3901 vitandi

155 3928 238 3976 2884.

332 3957 384 4011 qur
416 3935 479 4010 jam
500 3937 611 3993 multos
643 3936 793 4003 infecerat,
827 3935 947 3991 tandem
981 3934 1013 3990 in
1036 3935 1115 3991 corio
1147 3934 1265 3991 taurino
1287 3935 1382 3991 inclu-

332 4029 424 4095 ditur,
446 4045 501 4083 nec
534 4026 632 4099 potuit
654 4026 750 4081 adhuc
779 4024 887 4080 humor
921 4025 972 4080 ille
995 4025 1100 4080 noxius
1135 4023 1275 4090 cohiberi,
1311 4024 1383 4096 quin

332 4119 382 4174 ille
406 4116 457 4190 qui
479 4120 567 4189 ceput
589 4114 787 4172 excerebravit
802 4133 837 4171 ex
859 4115 951 4170 fetore
974 4113 1165 4170 occumberet.
1210 4111 1384 4170 Oomederat
1429 4103 1433 4112 '

331 4225 437 4279 nempe
479 4223 568 4262 senex
604 4203 753 4261 invalidus
790 4223 826 4260 ex
863 4221 995 4270 murena,
1034 4221 1121 4276 quam
1162 4201 1232 4258 licet
1270 4219 1383 4273 semper

331 4298 482 4361 dilexerat,
518 4313 631 4368 semper
661 4299 761 4350 tamen
783 4293 840 4349 sibi
862 4297 1009 4349 nocuerat.
1055 4291 1188 4363 Denique
1219 4289 1295 4361 regii
1318 4307 1381 4346 ccr-

329 4388 409 4460 poris
452 4385 585 4457 reliquiae
629 4385 662 4439 in
706 4383 847 4454 angliam
892 4382 997 4438 delatae
1046 4379 1125 4452 apud
1173 4379 1382 4436 monasterium

331 4476 486 4547 Badingae,
522 4474 600 4547 quod
637 4474 699 4547 ipse
736 4492 755 4529 a
785 4469 986 4528 fundamentis
1016 4474 1227 4537 construxerat,
1260 4469 1382 4541 sepulte

914 4707 925 4740 ²
945 4708 1126 4770 cumbermere,
1139 4708 1217 4776 Higd.
