3625 5784
602 896 870 948 rmcrsranasrs
892 893 1103 946 cnaomeon.
1320 879 1385 944 365

334 1088 460 1148 mentes
494 1035 675 1168 usquead
707 1081 827 1146 festum
860 1079 969 1146 sancti
1000 1077 1179 1144 Michaelis.
1225 1077 1385 1142 Remove-

199 1257 203 1264 ,
334 1190 477 1271 runtque
494 1185 697 1250 obsidionem
713 1183 820 1248 sancti
843 1181 985 1247 Katemi
1009 1202 1110 1266 quam
1125 1179 1384 1245 Tholosanenses
1398 1195 1489 1246 Move-

332 1285 488 1364 ieeerant,
521 1292 556 1351 et
588 1285 713 1350 reversi
751 1289 831 1348 sunt
868 1305 943 1348 eum
983 1281 1092 1367 praeda
1125 1303 1245 1368 magna
1278 1299 1383 1365 usque
1396 1263 1550 1379 wlffi-

332 1390 458 1473 Bayon,
496 1389 791 1474 hiemaveruntque
814 1387 938 1451 ibidem
970 1406 1073 1470 usque
1111 1391 1187 1471 post
1219 1383 1383 1448 dominica
1396 1392 1521 1458 ingsum·

330 1491 492 1568 natalitia,
515 1495 550 1556 et
565 1491 631 1556 cito
654 1494 731 1576 post
744 1494 877 1575 accepto
901 1486 1059 1552 mandatu
1074 1509 1096 1551 a
1117 1508 1194 1574 rege
1218 1475 1455 1551 Edwardom·

329 1593 370 1659 de
392 1593 519 1680 treugis
542 1593 635 1657 initis
657 1592 780 1656 reversi
804 1593 883 1654 sunt
905 1589 942 1652 in
964 1588 1120 1674 Angliam
1143 1589 1229 1654 circa
1250 1587 1382 1652 Pascha

331 1694 427 1762 Oirca
448 1697 514 1760 ista
537 1699 684 1781 tempora
707 1693 797 1759 Secti
821 1691 979 1757 rebellare
1001 1696 1180 1777 coeperunt,
1204 1697 1247 1756 ut
1270 1711 1385 1776 supra-

331 1799 458 1864 dictum
482 1802 539 1862 est

643 2083 1045 2098 ---—

718 2351 720 2356 ,
747 2327 858 2413 [aar.
884 2329 981 2414 υς]1

404 2513 462 2556 um
477 2493 582 2579 igitur
596 2492 812 2558 immobiliter
825 2498 991 2580 perstaret
1006 2494 1042 2558 in
1065 2493 1236 2580 proposito
1258 2492 1359 2556 eundi
1372 2488 1385 2528 ²

429 2595 465 2658 in
481 2593 684 2668 Flandriam,
700 2598 741 2659 ut
763 2595 991 2681 supradictum
1014 2600 1066 2661 est
1088 2596 1207 2680 quinto
1229 2593 1387 2679 capitulo,

333 2696 489 2783 praecepit
525 2717 614 2760 anno
648 2696 765 2782 gratiae
797 2711 974 2760 nccxovu.
1008 2701 1049 2762 ut
1080 2718 1193 2761 omnes
1226 2695 1284 2780 qui
1318 2715 1385 2758 ser·
1401 2712 1466 2761 an.
1482 2715 1554 2762 msa
1656 2689 1663 2696 ’

333 2796 453 2861 vitium
469 2796 533 2861 sibi
557 2797 724 2862 debebant
751 2801 785 2862 et
800 2818 914 2862 omnes
940 2798 997 2861 alii
1024 2799 1082 2882 qui
1097 2797 1219 2885 viginti
1244 2796 1384 2860 libratas
1397 2801 1468 2865 King
1505 2869 1526 2917 ’a

331 2903 429 2963 terrae
456 2921 476 2963 a
510 2919 716 2985 quocumque
755 2902 909 2963 tenerent
941 2897 1029 2962 infra
1070 2920 1209 2987 regnum
1241 2897 1382 2985 Angliae,
1395 2868 1534 2985 ffiffion

332 3006 441 3065 essent
464 3001 645 3065 Londoniae
669 3001 704 3064 in
727 2998 810 3064 festo
825 2999 916 3064 beati
941 3000 1032 3065 Petri
1048 3001 1091 3065 ad
1114 2999 1257 3077 vincula,
1273 3001 1384 3086 parati
1396 3007 1423 3049 l0
1434 3016 1468 3066 8⁰
1479 3002 1534 3051 into

318 3123 405 3168 -eum
427 3104 520 3188 equis
543 3109 578 3169 et
593 3103 695 3166 armis
718 3103 760 3167 ad
776 3102 1061 3167 transfretandum
1077 3124 1151 3168 cum
1167 3123 1244 3190 rege
1259 3101 1385 3187 absque
1396 3067 1528 3118 Fundere.

331 3205 489 3270 dilatione
512 3205 733 3290 qualicunque
765 3204 819 3268 vel
843 3205 1063 3269 excusatione.
1109 3205 1258 3290 Cumque
1274 3205 1384 3269 venis·

331 3311 406 3372 sent
443 3306 565 3372 ibidem
604 3307 713 3384 multi,
751 3305 969 3391 viderentque
1015 3327 1125 3393 regem
1171 3307 1207 3370 in
1253 3307 1384 3393 incepto

330 3407 499 3492 proposito
521 3429 724 3494 permanere,
747 3406 906 3471 dixerunt
933 3406 964 3470 ei
997 3407 1133 3492 quidam
1156 3407 1198 3471 de
1221 3407 1402 3495 magnati·

330 3508 401 3586 bus,
424 3508 534 3573 “Non
558 3509 702 3594 expedit,
725 3529 745 3572 ο
767 3529 837 3585 rex,
860 3529 922 3572 uec
944 3507 1067 3572 bonum
1091 3514 1143 3573 est
1165 3509 1384 3574 transfretare
1396 3516 1453 3566 The
1465 3518 1556 3568 nobles

331 3618 348 3646 ‘⁴
373 3611 438 3676 nisi
468 3611 562 3697 prius
586 3609 821 3676 reconciliato³
843 3614 940 3695 patre
962 3614 1022 3674 tuo
1049 3610 1216 3697 spirituali
1238 3584 1539 3701 Cantus-ffefffloffl

332 3719 350 3752 “
373 3713 474 3777 riensi
496 3710 750 3798 archiepiscope,
774 3715 808 3776 et
831 3711 1044 3799 magnatibus
1059 3712 1137 3789 tuis,
1152 3712 1335 3776 inveniaris
1350 3716 1529 3793 etberccon-

332 3821 347 3846 “
371 3814 441 3900 ipse
464 3813 500 3878 in
523 3814 599 3878 sinu
622 3813 739 3878 matris
763 3813 907 3878 eeclesiae
930 3813 1153 3879 numeratus.''
1198 3815 1247 3879 At
1270 3815 1326 3879 ille
1349 3783 1525 3898 inffiffl'h,
1555 3824 1558 3837 “

333 3937 367 3980 se
390 3937 542 3982 reversus
565 3921 600 3981 et
622 3917 739 3980 videns
761 3915 823 3980 hoc
841 3917 973 4001 justum
1005 3938 1076 3981 esse
1099 3921 1134 3981 et
1156 3919 1279 3982 rationi
1302 3939 1380 3983 con-
1398 3913 1530 3979 bichopof

334 4037 460 4096 sonum,
482 4040 559 4083 mox
583 4018 741 4082 caenia
775 4017 921 4082 Roberto
954 4017 995 4082 ee
1031 4017 1228 4101 wynchelse
1260 3980 1508 4110 catu-Q·

335 4120 456 4184 ariensi
479 4120 722 4206 archiepiscopo
744 4119 802 4205 qui
825 4139 971 4204 praesens
993 4119 1119 4195 aderat,
1146 4122 1181 4183 et
1203 4124 1284 4184 tunc
1305 4120 1389 4184 rex⁴

335 4223 425 4287 omni
451 4244 586 4288 rancore
609 4222 760 4308 deposito
775 4222 884 4308 ipsum
907 4241 981 4285 cum
1006 4220 1075 4285 suis
1090 4221 1126 4284 in
1149 4221 1388 4306 specialitatem

370 4499 377 4531 ¹
396 4499 477 4549 There
499 4496 521 4547 is
544 4513 578 4546 no
596 4497 702 4561 chapter
720 4497 793 4546 mark
811 4494 838 4544 in
888 4467 1039 4532 quim
1050 4486 1096 4518 Ν·
1109 4467 1221 4519 libram
1237 4476 1313 4519 ¹⁸²⁷oe
1329 4479 1389 4522 wll

335 4578 417 4630 either
428 4579 492 4636 Ma,
504 4578 549 4626 but
561 4576 604 4626 the
615 4575 636 4628 C
649 4575 670 4626 is
682 4574 838 4625 illuminated
885 4548 979 4657 pacati
990 4547 1030 4596 ἐν*
1041 4563 1094 4597 Μ
1106 4563 1203 4612 “90¹²
1214 4547 1376 4602 flandriam,

335 4657 360 4707 in
372 4657 442 4707 both,
947 4625 1119 4687 recensebatur,
1129 4629 1203 4678 Mbb.

670 4757 676 4769 .
717 4757 723 4768 .
922 4704 1065 4755 ‘Hereon
1081 4705 1144 4755 both
1162 4706 1273 4774 margins
1293 4706 1315 4757 ie
1328 4708 1389 4758 Rex

371 4759 381 4792 Ω
398 4761 467 4810 3⁰¹⁰
476 4775 511 4810 ⁰¹¹
522 4759 585 4809 Μ
598 4774 737 4824 m⁸¹g¹¹²⁸¹⁸
746 4757 838 4809 om
888 4789 913 4834 et
923 4782 1129 4850 archiepiscopus
1132 4785 1204 4849 secli
1214 4793 1275 4837 eant
1286 4788 1369 4838 mici.
