3625 5784
631 901 901 950 uuvcssrasusrs
924 899 1132 950 cnaomcos.
1359 884 1400 952 77

353 1095 400 1151 Its
422 1100 457 1151 ut
479 1095 531 1167 qui
552 1095 644 1150 ieram
667 1100 783 1166 caperet
805 1097 922 1151 oculum
946 1095 1103 1162 amitteret,
1120 1097 1171 1167 qui
1194 1095 1346 1151 mulierem
1368 1095 1399 1150 vi

353 1183 528 1256 opprimeret
541 1182 685 1255 genitalia
698 1184 854 1241 emitteret.
899 1185 971 1240 Erat
985 1183 1151 1241 Willelmus
1165 1189 1286 1240 stature
1298 1183 1398 1256 juste,

352 1272 503 1330 immensas
529 1273 728 1344 corpulentias,
749 1272 822 1329 facie
845 1274 916 1342 fera,
933 1275 1029 1330 fronte
1050 1273 1141 1340 unda,
1164 1272 1266 1344 magni
1288 1274 1401 1330 roboris

353 1362 384 1418 in
406 1363 522 1418 lacertis
544 1369 578 1418 ut
600 1363 661 1418 fere
682 1381 769 1419 nemo
791 1363 855 1434 ejus
887 1380 988 1418 areum
1018 1363 1160 1430 tenderet,
1184 1381 1270 1434 quem
1301 1369 1399 1419 tamen

352 1453 413 1524 ipse
434 1470 509 1523 equo
531 1451 657 1507 admisso
680 1451 801 1524 pedibus
831 1471 921 1508 nervo
943 1457 1062 1508 extento
1084 1451 1223 1516 sinuaret,
1249 1453 1400 1508 commoda

352 1541 519 1597 valetudine
541 1540 681 1613 gaudem,
704 1542 843 1598 exercitio
864 1560 1018 1598 nemorum
1040 1543 1130 1598 nimis
1152 1541 1268 1597 deditus
1302 1543 1344 1597 ita
1366 1547 1400 1597 ut

352 1632 449 1685 stratis
472 1631 551 1685 villis
573 1637 604 1686 et
625 1630 754 1686 ecelesiis
777 1631 840 1686 loca
862 1631 1008 1688 silvestria
1030 1632 1145 1686 faceret.

396 1720 433 1775 In
456 1720 610 1792 precipuis
630 1719 713 1776 festis
735 1721 851 1792 profuse
866 1720 1050 1786 convivebat,
1066 1721 1172 1777 Natale
1186 1720 1298 1776 domini
1321 1721 1399 1792 apud

353 1808 548 1875 Gloverniam‚
587 1810 699 1864 Pascha
739 1809 817 1881 apud
854 1809 1054 1881 Wyntoniem,
1094 1809 1283 1866 Pentecosten
1321 1811 1397 1883 apud

352 1896 641 1954 westmonasterium
668 1898 784 1971 quando
814 1900 846 1954 iu
868 1898 980 1969 Anglia
1002 1901 1076 1955 foret
1108 1904 1208 1956 tenere
1239 1900 1398 1956 consuevit.

352 1987 411 2042 Sed
425 1989 457 2043 in
479 1988 664 2058 emungenda
685 1989 809 2060 pecunie
831 2005 945 2060 semper
966 1987 1137 2056 excessisse,
1160 1989 1208 2044 vel
1230 2006 1283 2061 pro
1306 1989 1398 2044 hosti-

353 2076 436 2132 litate
457 2077 602 2148 pellenda,
626 2077 675 2133 vel
697 2096 751 2149 pro
774 2078 996 2148 magnificentia
1018 2077 1153 2144 fovenda,
1176 2079 1224 2133 vel
1246 2096 1299 2150 pro
1315 2079 1398 2149 cupi·

352 2165 444 2222 ditate
477 2165 613 2222 sedanda.
658 2167 762 2222 Tradit
792 2167 871 2222 fama
904 2167 981 2239 quod
1013 2167 1069 2222 iste
1104 2166 1269 2222 Willelmus
1303 2167 1398 2223 adhue

352 2256 447 2312 minor
470 2262 608 2327 patruum
631 2274 717 2312 suum
739 2255 904 2326 Malgerum
928 2255 1177 2328 archiepiscopum
1200 2256 1398 2328 Rotomagen·

352 2361 412 2399 sem
445 2345 482 2400 de
512 2346 579 2401 esde
614 2363 666 2400 sus
698 2345 923 2417 proturbaverit,
958 2363 992 2401 eo
1026 2346 1103 2417 quod
1133 2347 1268 2417 neglecto
1306 2347 1398 2402 officio

351 2433 451 2490 divino
473 2435 628 2491 venatione
650 2441 680 2491 et
702 2435 845 2490 conviviis
875 2433 1009 2501 indulsit,
1034 2436 1080 2490 vel
1107 2434 1204 2506 potins
1237 2435 1314 2508 quod
1337 2435 1399 2507 ipse

352 2524 533 2580 Willelmum
557 2525 660 2580 ducem
682 2529 713 2580 et
742 2523 897 2580 Matildam
923 2542 1043 2580 uxorem
1065 2524 1121 2579 sibi
1153 2525 1399 2596 consanguineam

351 2631 404 2684 pro
441 2613 547 2669 illicita
583 2614 688 2685 copula
724 2613 1029 2670 excommunicaverit.
1090 2614 1299 2672 Verumtamen
1340 2613 1398 2671 dux

352 2702 516 2759 Willelmus
539 2721 591 2775 pro
613 2705 669 2759 hoc
695 2703 803 2759 delicto
837 2703 980 2776 expiando
1013 2703 1221 2759 monasterium
1256 2704 1398 2770 virorum,

351 2797 382 2846 et
415 2792 539 2848 Matilda
571 2792 780 2849 monasterium
814 2792 988 2848 seminarum
1028 2793 1105 2866 apud
1137 2792 1298 2848 Osdomum
1330 2811 1400 2848 oon-

352 2886 528 2938 struxerunt.
573 2883 739 2938 Willelmus
769 2899 883 2955 quoque
914 2881 1049 2937 fundavit
1071 2882 1130 2936 dno
1163 2881 1338 2936 monasteria
1369 2883 1400 2936 in

353 2969 473 3042 Anglii,
497 2989 590 3027 unum
622 2972 699 3043 apud
726 2960 980 3044 Bermundeseye1
1000 2969 1086 3040 juxta
1120 2969 1296 3036 Londonias,
1320 2970 1401 3025 aliud

353 3060 389 3116 de
411 3061 495 3116 Bello
517 3061 549 3114 in
573 3060 787 3117 Soutlrssxoniu
808 3059 860 3115 ubi
875 3065 1068 3132 pugnaverat.
1113 3060 1230 3115 Mortuo
1254 3059 1310 3114 isto
1325 3059 1400 3116 Wil-

354 3149 440 3205 lelmo
462 3150 512 3203 vix
534 3155 597 3205 eret
630 3150 662 3204 in
685 3149 795 3221 Anglia
826 3149 960 3222 princeps
983 3149 1137 3220 Anglicns,
1170 3150 1260 3204 immo
1292 3149 1400 3221 Anglis

353 3238 383 3292 in
406 3239 576 3295 servitutem
598 3238 725 3294 redactis
747 3239 903 3310 probosnm
926 3239 984 3294 fuit
1005 3237 1103 3294 vecari
1123 3237 1275 3310 Anglicus.
1322 3241 1399 3296 Dens

351 3327 429 3384 enim
463 3329 500 3384 ad
533 3328 741 3385 exterminium
776 3326 943 3400 Anglorum
980 3327 1225 3401 preordinaverat
1258 3330 1397 3402 populum

351 3417 473 3474 ferocem
497 3436 623 3490 qnorum
644 3421 752 3475 natura
773 3423 818 3473 est
840 3436 908 3474 oum
930 3418 1028 3474 hostes
1060 3417 1255 3491 depresserint
1277 3420 1334 3492 ipsi
1368 3438 1399 3477 se

351 3506 524 3579 deprimant.

395 3600 468 3665 Rex
511 3599 697 3664 Willelmus
737 3600 854 3686 genuit
885 3605 1029 3684 quatuor
1056 3599 1149 3676 filios,
1188 3602 1312 3668 sufficet
1335 3603 1399 3668 Ro-
1412 3611 1532 3665 children

349 3701 480 3767 bertum
518 3702 678 3766 seniorem
716 3701 770 3767 cui
808 3700 950 3768 contulit
988 3701 1237 3782 Ncrmanniam,
1274 3679 1567 3812 Wiflel-gssffim,

351 3825 440 3868 mum
489 3803 611 3868 Rufum
647 3803 705 3889 qui
752 3805 906 3890 regnavit
952 3804 987 3868 in
1010 3804 1133 3890 Anglie
1164 3812 1240 3894 post
1273 3814 1401 3894 patrem

351 3927 446 3970 suum
493 3903 706 3983 Willelmum,
743 3911 778 3969 et
807 3905 988 3972 Henricum
1027 3907 1179 3974 clericum
1219 3910 1271 3976 cui
1309 3912 1403 3978 dedit

350 4005 522 4071 thesauros
544 4026 619 4071 suos
650 4011 686 4070 et
716 4005 942 4090 possessiones,
967 4007 1021 4092 (de
1045 4008 1119 4073 istis
1142 4009 1249 4075 tribus
1272 4013 1402 4098 patebit

350 4109 451 4186 infra,
469 4109 506 4173 in
528 4109 597 4174 suis
628 4108 722 4192 locis)
746 4114 780 4174 et
810 4116 966 4194 quartum
989 4111 1095 4178 filium
1125 4113 1258 4179 nomine
1290 4115 1402 4183 Ricar-

351 4211 438 4289 dum,
461 4212 519 4297 qui
543 4217 694 4276 mortuus
715 4217 767 4276 est
789 4212 826 4276 in
844 4213 1034 4298 juventute.

394 4311 460 4379 Hic
491 4313 655 4380 claudicat
679 4312 855 4379 Oistrensis
889 4315 1000 4382 dicens
1035 4338 1110 4382 eum
1143 4316 1256 4382 fecisse
1279 4339 1400 4385 novam
1413 4335 1531 4388 necros

350 4413 507 4483 forestam
539 4437 615 4482 cum
661 4414 848 4482 Willelmus
887 4416 1062 4484 bastardus
1094 4423 1245 4482 mortuus
1283 4425 1334 4486 cst
1364 4422 1400 4487 in
1414 4402 1523 4470 Higdeu.

350 4515 558 4588 Normaunia
593 4518 654 4584 ubi
691 4523 725 4584 et
762 4519 918 4606 sepultus.
989 4519 1034 4585 Et
1071 4519 1257 4596 Willelmus
1295 4521 1401 4592 Rufus

1171 4700 1402 4715 *m

730 4795 738 4829 ¹
756 4795 981 4860 Bemaadesteie,
992 4799 1024 4849 Α.
