3625 5784
427 823 491 885 118
772 837 920 888 scurror
944 837 1129 886 nurcuros

425 1039 574 1107 Auselmo,
613 1041 665 1097 ubi
702 1045 850 1096 annuente
887 1057 957 1111 rege
995 1043 1138 1097 statutum
1175 1044 1220 1096 est
1252 1041 1288 1094 nt
1324 1055 1475 1110 uunquam

425 1129 561 1202 deinceps
594 1148 645 1186 rex
667 1135 719 1186 aut
749 1129 848 1203 aliqua
879 1130 954 1186 laica
977 1147 1099 1203 persona
1130 1129 1334 1186 investituram
1367 1130 1476 1184 faceret

427 1236 495 1275 cum
528 1220 616 1276 anulo
653 1224 684 1275 et
720 1220 831 1275 baculo.
877 1220 942 1289 Quo
978 1221 1069 1276 etiam
1106 1221 1140 1276 in
1174 1224 1305 1292 tempore
1337 1218 1475 1274 Giraldus

427 1309 616 1366 Eboraoensis
660 1309 894 1382 archiepiscopus
939 1309 1083 1382 impositis
1128 1309 1262 1364 manibus
1300 1308 1360 1364 suis
1397 1309 1475 1363 iuter

427 1417 533 1454 manus
567 1399 785 1456 cantuariensis
807 1400 941 1454 Auselmi
976 1397 1186 1470 subjectionem
1217 1404 1247 1454 et
1280 1396 1475 1453 obedientiam

424 1488 472 1546 illi
494 1489 572 1547 fecit
618 1490 732 1545 Deinde
753 1491 780 1544 4.
804 1488 869 1544 idus
891 1479 1042 1560 Augusti¹
1064 1487 1221 1544 Anselmus
1244 1505 1304 1543 nno
1327 1487 1375 1542 die
1405 1505 1474 1543 con·

425 1579 550 1635 secrevit
572 1579 649 1652 apud
681 1579 862 1634 Loudoniam
885 1580 913 1636 5.
947 1578 1105 1652 episcopos,
1138 1577 1249 1634 scilicet
1280 1575 1475 1650 Wyntonieu·

425 1686 498 1734 sem,
523 1668 777 1735 Sarisburieusem,
802 1668 1005 1734 Excniensem,
1029 1667 1266 1733 Herfordcnsem,
1290 1671 1319 1722 et
1342 1665 1473 1722 Glamor·

425 1775 588 1830 gecensem,
624 1759 702 1832 quod
734 1777 752 1813 a
783 1757 885 1814 diebus
916 1758 1108 1830 Plegmuudi·
1131 1776 1191 1814 non
1229 1755 1362 1828 contigit.
1408 1757 1474 1811 Hoc

424 1865 501 1904 anno
530 1867 582 1906 rex
604 1848 751 1905 Heuricus
780 1847 885 1904 statuit
917 1853 952 1903 ut
974 1850 1053 1904 fures
1085 1848 1339 1921 suspenderentur,
1362 1845 1473 1901 falsarii

423 1939 522 1994 oculos
544 1943 575 1995 et
596 1938 739 2010 genitelia
769 1937 948 2003 amitterent,
972 1943 1002 1992 et
1024 1943 1058 1994 ut
1080 1938 1192 1994 denarii
1215 1942 1244 1993 et
1267 1936 1344 1992 oboli
1377 1941 1474 1991 essent

423 2028 551 2084 rotundi
597 2028 744 2100 Phillipus
772 2045 823 2083 rex
855 2029 1033 2083 truncorum
1065 2027 1145 2085 obiit
1192 2025 1360 2082 lucdowicus
1394 2025 1473 2080 filius

423 2135 493 2176 suus
530 2119 674 2174 successu,
729 2115 865 2173 Giraldus
903 2117 1092 2174 Eborucsnsis
1126 2116 1357 2191 archiepiscopus
1389 2113 1471 2171 obiit.

423 2206 479 2262 cui
513 2208 651 2264 successit
673 2207 800 2263 'Pbomas
832 2224 923 2278 nepos
955 2207 1074 2263 Thomae
1107 2207 1239 2273 senioris,
1271 2211 1302 2262 et
1335 2205 1472 2278 praesedit

422 2295 465 2352 ibi
486 2296 511 2354 7.
535 2297 628 2355 aunis.
674 2297 737 2352 Rex
772 2295 917 2352 Heuricus
939 2297 1009 2352 fecit
1040 2296 1136 2352 sedem
1168 2296 1360 2369 episcopalem
1392 2293 1471 2366 apud

423 2386 511 2459 Hely,
534 2385 691 2442 instituens
713 2385 755 2441 ibi
778 2385 927 2442 Horreum
950 2404 1045 2458 nuper
1067 2385 1283 2458 Bangorensem
1306 2384 1467 2458 praesulem.

421 2475 464 2531 At
486 2477 556 2548 quia
577 2477 609 2532 in
631 2477 687 2532 hoc
719 2481 834 2547 partem
857 2473 1071 2531 Linoolniensis
1094 2475 1215 2532 diocesis
1246 2475 1468 2531 detruncaverat
1482 2483 1566 2548 Try..
1578 2489 1628 2541 001,

420 2566 594 2623 conferendo
616 2583 726 2638 pagum
759 2564 950 2636 Cantibrigire
985 2565 1046 2620 sedi
1078 2563 1221 2631 Heliensi,
1245 2563 1310 2620 ideo
1342 2563 1468 2619 contulit
1480 2553 1555 2603 ⁹³⁷⁸·

419 2654 554 2728 episcopo
577 2654 776 2712 Lincolnieusi
797 2653 900 2710 villam
923 2672 1005 2710 suam
1027 2655 1149 2726 regiam,
1173 2653 1285 2710 scilicet
1308 2653 1466 2726 Spaldyug.

420 2746 486 2801 Hoc
507 2762 584 2801 anno
607 2746 639 2801 in
654 2744 835 2800 bebdomada
857 2744 991 2799 Pascbali
1014 2751 1131 2800 sanctus
1153 2744 1243 2816 Hugo
1267 2741 1467 2799 cluniacensis

418 2833 507 2890 abbas
552 2839 705 2908 postquam
743 2833 800 2889 sibi
836 2834 1040 2906 apparuissent
1083 2834 1168 2890 beata
1205 2834 1300 2904 virgo,
1349 2838 1466 2888 sanctus

418 2924 531 2994 Petrus,
553 2925 655 2981 beatus
678 2923 833 2989 Hillarius,
857 2922 939 2978 obiit.
985 2923 1051 2979 Hoc
1073 2924 1163 2980 etiam
1194 2941 1271 2979 anno
1293 2921 1469 2979 venerabilis

417 3003 596 3071 Anselmus²
617 3012 692 3070 obiit
715 3010 881 3070 Gantuariae
911 3013 954 3069 11.
989 3012 1179 3069 kalendarum
1212 3011 1294 3068 Maii.
1350 3012 1389 3066 Et
1420 3011 1467 3068 die

416 3103 560 3177 sequenti,
592 3121 657 3176 quas
680 3102 807 3174 contigit
837 3102 869 3157 in
904 3120 988 3159 coena
1011 3102 1132 3170 domiui,
1166 3103 1295 3158 balsamo
1326 3100 1469 3157 divinitus

415 3193 505 3250 misso
535 3197 695 3268 perunctus
724 3192 873 3266 sepelitur.
919 3193 958 3248 Et
991 3193 1106 3248 vocavit
1137 3191 1218 3248 sedes
1250 3191 1467 3248 Oantuariensis

415 3284 502 3355 pleno
524 3281 734 3356 quinquennio.
779 3281 962 3355 interimque
992 3299 1037 3338 res
1067 3280 1196 3338 ecclesiae
1230 3281 1467 3354 expendebantur

414 3374 446 3427 in
469 3387 539 3428 usus
569 3373 675 3442 regios.
720 3371 850 3428 Etcum
883 3389 935 3428 nex
957 3389 1035 3444 serpe
1067 3375 1234 3427 moneretur
1267 3377 1302 3426 ut
1334 3372 1464 3428 ecclesiae

413 3461 541 3517 viduatu
579 3461 753 3527 consuleret,
787 3461 855 3516 miti
889 3463 945 3517 hoc
977 3459 1130 3517 differebat
1160 3479 1307 3534 responso,
1342 3463 1383 3516 sic
1416 3461 1464 3516 in·

413 3552 524 3622 quiens.
570 3551 703 3624 Optimos
724 3549 803 3606 viros
834 3568 886 3623 per
907 3557 1021 3623 patrem
1044 3556 1074 3606 et
1107 3551 1226 3606 fratrem
1259 3569 1344 3606 suum
1377 3549 1463 3606 insti·

413 3645 493 3697 tutos
515 3639 604 3696 fuisse
626 3639 867 3713 archiepiscopos,
891 3657 922 3695 se
957 3657 1071 3713 quoqne
1093 3641 1173 3696 nolle
1196 3641 1227 3695 in
1250 3641 1306 3697 hoc
1340 3641 1462 3712 degene-

410 3749 486 3799 rare,
509 3731 561 3787 sed
593 3731 739 3802 optimum
760 3729 859 3786 virum
889 3747 943 3802 pro
975 3747 1058 3802 posse
1081 3729 1118 3786 ad
1141 3730 1196 3785 hoc
1230 3735 1345 3802 captare
1378 3728 1462 3786 velle.

411 3820 494 3876 'Pelia
525 3838 664 3892 responsa
693 3819 771 3890 juris
805 3825 836 3875 et
867 3819 945 3892 mqui
968 3818 1144 3875 videbantur
1178 3820 1274 3890 plena,
1299 3820 1350 3874 sed
1372 3837 1461 3891 agger

409 3909 542 3982 pecunia
576 3909 612 3965 de
646 3909 816 3982 episcopatu
853 3908 958 3964 levatae
996 3909 1074 3980 regis
1112 3908 1210 3964 animo
1247 3907 1461 3965 blandiebatur.

410 3999 469 4056 Sed
483 3999 617 4072 quamvis
631 3999 765 4055 Anselmi
786 3998 881 4054 vitam
903 3997 1047 4054 Edmerus
1070 3997 1289 4054 cantuariensis
1300 3999 1460 4054 monachus

408 4088 447 4144 ad
482 4089 603 4162 plenum
641 4087 816 4162 descripsit3
840 4089 985 4144 nonnulla
1022 4093 1121 4144 tamen
1152 4084 1277 4159 jurante
1311 4088 1460 4144 Willelmo

407 4177 655 4236 Malmisburiensi
687 4176 864 4236 succinctius
886 4181 956 4233 sunt
987 4177 1118 4234 dicenda.
1163 4167 1344 4234 Anselmus³
1367 4178 1460 4250 igitur

406 4267 440 4324 in
461 4267 598 4341 Auguste
618 4268 739 4326 civitate
760 4267 883 4342 Alpium
906 4267 1047 4324 oriundus
1069 4272 1100 4324 ct
1121 4267 1249 4340 pueritia
1270 4267 1406 4324 literatus
1429 4274 1461 4324 et

991 4531 1059 4624 :On
1071 4533 1134 4584 both
1151 4532 1264 4600 margins
1281 4532 1312 4596 is,
1324 4533 1460 4586 Anselmus

957 4611 1058 4744 ⁰bplbn
1077 4691 1138 4744 both
1155 4656 1268 4761 margins
1286 4693 1316 4754 is,
1336 4693 1381 4745 De
1402 4696 1459 4746 Aa·

955 4770 1038 4822 selmo.

438 4573 448 4606 ¹
466 4573 507 4626 On
522 4571 585 4624 both
601 4570 714 4638 margins
729 4569 762 4662 is,
773 4569 907 4622 Amatam

404 4657 534 4783 pum
560 4652 672 4717 rufum
699 4665 828 4716 mucor
855 4666 906 4700 m

423 4747 455 4784 w·
