3625 5784
658 906 928 958 sesessrssssrs
951 907 1161 958 cnscsioos.
1364 891 1429 962 107

339 1120 527 1178 nunquam
549 1102 665 1160 viderat
686 1107 739 1160 aut
759 1100 924 1159 audierat
915 1121 947 1157 ιιι
969 1103 1072 1175 regola
1099 1103 1261 1171 Benedicti,
1285 1103 1428 1162 rationem

377 1193 495 1250 illorum
517 1193 676 1264 efflagitare
698 1194 789 1265 coepit
810 1193 940 1249 modeste
966 1211 1046 1259 sane,
1069 1199 1104 1247 ut
1126 1195 1302 1250 monachum
1334 1195 1427 1262 decet,

379 1283 579 1350 “Ratione‚”
591 1283 735 1355 inquit‚⁴‘
748 1301 879 1339 summus
893 1288 996 1338 auctor
1012 1283 1110 1338 omnia
1125 1284 1205 1350 fecit,
1221 1285 1334 1341 ratione
1349 1286 1428 1356 regit

379 1373 398 1398 ‘⁸
422 1391 512 1445 eaque
521 1365 661 1430 ¹ratione
676 1372 786 1428 sistunt
808 1373 962 1440 elementa,
978 1377 1133 1429 moventur
1156 1373 1307 1441 sidero,t
1276 1379 1307 1429 ct
1329 1379 1429 1430 nostra

379 1463 398 1488 ‘⁶
422 1463 508 1520 debet
533 1464 689 1519 subsistere
710 1469 828 1528 natura,
851 1481 917 1535 qum
941 1464 1009 1535 qnia
1032 1482 1109 1535 saepe
1131 1481 1183 1536 per
1201 1453 1366 1520 desideria²
1382 1465 1429 1521 vel

379 1553 399 1578 “
423 1554 619 1624 ignorantiam
642 1571 661 1608 a
682 1551 797 1608 ratione
819 1552 929 1608 excidit
964 1552 1078 1624 legibus
1100 1558 1263 1620 revocatur,
1287 1555 1365 1611 undo
1399 1561 1430 1610 ot

378 1643 397 1667 ‘⁴
421 1644 524 1714 regula
547 1642 625 1698 beati
647 1642 801 1698 Benedicti
823 1643 861 1698 ad
883 1643 939 1698 hoc
961 1643 1110 1715 processit,
1126 1649 1160 1699 nt
1182 1645 1292 1700 fluxum
1315 1651 1428 1700 naturus

377 1733 395 1757 “
419 1751 471 1805 per
491 1732 636 1788 rationem
658 1737 816 1789 revocaret.
862 1733 899 1787 In
923 1751 980 1806 qua
1001 1733 1104 1804 regula
1127 1731 1339 1806 lioetqnaedam
1361 1753 1428 1790 con·

380 1823 399 1847 “
423 1823 572 1878 tincantur
595 1839 720 1894 qnorum
750 1821 895 1878 rationem
923 1828 1074 1894 penetrare
1105 1842 1166 1880 non
1188 1824 1281 1890 valeo,
1305 1824 1428 1880 auotori-

379 1913 398 1939 “
423 1913 478 1967 tati
501 1918 601 1968 tamen
633 1911 880 1984 adquiescendum
902 1917 983 1984 puto.
1030 1913 1117 1969 Ratio
1148 1932 1276 1986 namque
1297 1918 1328 1970 et
1360 1931 1429 1970 auo·

379 2001 398 2027 ‘⁸
422 2003 525 2058 torites
547 2001 715 2057 divinornm
737 2001 913 2074 scriptorum
937 2001 1069 2074 quamvis
1092 2002 1239 2060 dissonare
1261 2004 1427 2070 videantur,

378 2091 398 2116 ‘⁴
420 2109 514 2147 nuum
551 2091 687 2163 idemque
735 2096 812 2146 irunt.
870 2090 945 2146 (lum
980 2092 1073 2163 igitur
1107 2092 1177 2149 deus
1208 2092 1285 2148 nihil
1319 2099 1428 2166 prester

378 2181 398 2206 ‘⁶
421 2180 565 2236 rationem
588 2180 660 2236 facit
681 2187 733 2236 aut
755 2179 860 2246 reficit,
885 2181 1029 2252 quomodo
1052 2182 1169 2238 credum
1192 2188 1306 2239 sanctos
1329 2189 1427 2255 patres

378 2271 397 2296 ‘³
421 2270 470 2326 dei
503 2289 639 2342 sequaces
670 2271 783 2343 aliquid
814 2274 923 2342 praeter
952 2271 1098 2328 rationem
1129 2277 1256 2329 statuere
1288 2278 1429 2344 tanquam

378 2361 397 2386 ''‘
421 2361 475 2415 soli
505 2360 673 2416 auctoritati
704 2360 859 2416 debeamus
893 2359 981 2416 fidem
1015 2367 1045 2416 st
1079 2381 1138 2417 uon
1170 2363 1286 2418 rationi.
1331 2363 1429 2433 Igitur

379 2451 399 2475 '⁸
423 2467 525 2505 eornm
550 2467 615 2521 quas
631 2441 764 2505 ιιιιιιιιι3
786 2454 838 2505 ιιι
860 2450 1003 2506 rotionem
1027 2451 1129 2507 all'erte
1144 2458 1196 2507 ant
1213 2453 1426 2508 auctoritatem.

378 2541 398 2565 ‘⁸
422 2540 462 2594 Et
483 2558 519 2595 ex
540 2538 643 2610 regula
673 2539 752 2596 beati
775 2539 935 2609 Benedicti,
961 2557 1025 2612 qum
1059 2542 1172 2597 ratione
1195 2547 1225 2598 el
1256 2543 1429 2598 anctoritate

379 2630 398 2654 ‘⁸
422 2629 546 2684 subnixa
568 2634 623 2695 est,
646 2629 713 2685 dats
745 2630 887 2701 exempla.
921 2629 1004 2698 Quod
1027 2629 1052 2684 si
1074 2649 1134 2686 non
1166 2631 1297 2702 potestis,
1321 2632 1429 2686 frustra

380 2719 398 2744 “
421 2718 600 2790 profitemini
637 2719 718 2774 illius
751 2719 976 2791 prerogativam
1000 2718 1083 2789 cujus
1116 2720 1323 2792 contempnitis
1347 2720 1429 2792 sequi

378 2809 397 2833 ‘⁸
422 2807 616 2864 doctrinam.”
661 2808 760 2880 Hujus
782 2808 930 2865 sententia
960 2808 996 2864 ab
1019 2825 1078 2864 uno
1113 2809 1144 2863 in
1176 2810 1268 2864 olium
1300 2808 1428 2875 transiit,

378 2899 485 2954 multos
514 2898 608 2954 movit
629 2916 668 2954 ne
689 2901 765 2954 forte
798 2897 830 2952 in
852 2915 979 2953 vacuum
1011 2902 1161 2954 currerent
1183 2903 1235 2953 snt
1266 2899 1298 2953 in
1321 2917 1429 2954 renum

378 2988 580 3044 cucurrissent.
627 2988 802 3044 Decernitur
850 2987 944 3059 igitur
981 2989 1072 3042 solam
1109 2987 1270 3044 medullam
1319 2989 1430 3058 regulus

377 3079 513 3133 resecatis
535 3078 689 3150 superfluis
722 3077 889 3134 sectandam
921 3077 990 3132 fore.
1035 3077 1109 3148 Agit
1143 3078 1230 3132 obbas
1264 3077 1364 3133 sedulo
1396 3083 1430 3132 ut

378 3185 478 3222 ornnes
500 3167 673 3233 assentiant,
696 3168 748 3223 sed
770 3167 888 3222 difficile
911 3171 955 3221 est
977 3184 996 3221 a
1012 3167 1160 3222 mentibus
1182 3165 1271 3222 avelli
1292 3166 1371 3238 quod
1393 3169 1429 3222 cb

378 3257 498 3328 antiquo
521 3256 668 3312 inseritur.
716 3257 777 3313 Soli
797 3256 879 3327 xviij.
901 3256 1039 3311 monachi
1062 3274 1127 3311 cum
1143 3256 1247 3313 abbate
1270 3257 1430 3330 Hordyngc

378 3346 587 3402 monasterium
610 3347 685 3402 illud
715 3344 882 3411 dimittunt,
906 3345 1134 3418 pronunciantes
1165 3347 1328 3417 regularem
1351 3347 1430 3419 puri·

378 3440 470 3491 tatem
507 3454 567 3490 non
605 3454 688 3508 posse
726 3435 834 3492 servari
871 3435 903 3489 in
942 3435 1016 3501 1000,
1055 3435 1105 3490 ubi
1143 3455 1231 3508 opum
1269 3437 1429 3508 congeries,

377 3524 509 3582 ciborum
532 3525 691 3596 indigeries
722 3525 917 3580 reluctantem
940 3523 1071 3580 animum
1103 3527 1286 3582 suffocarent.
1333 3527 1431 3598 Igitur

379 3614 554 3670 cistercium
576 3606 697 3680 adivit,4
720 3615 816 3670 locum
839 3615 921 3686 prius
944 3616 1105 3671 saltuosum
1127 3634 1207 3672 nunc
1221 3615 1431 3672 monasterium

378 3705 532 3770 famosum,
556 3704 633 3776 quod
657 3704 775 3776 quidem
798 3722 852 3776 ope
874 3703 1084 3776 archiepiscopi
1107 3706 1283 3763 Viennensis
1298 3712 1328 3761 et
1350 3710 1430 3778 post·

378 3794 499 3849 modum
533 3809 616 3866 papas
648 3793 795 3864 adjutorio
825 3795 953 3849 multum
976 3799 1142 3864 promotum
1173 3801 1225 3853 est.
1272 3795 1343 3852 Post
1377 3795 1432 3850 hoc

379 3901 456 3939 anno
493 3885 599 3954 gratiss
629 3898 753 3938 ιιοιιιιι.
793 3883 864 3940 ordo
894 3883 946 3939 illc
987 3901 1039 3955 per
1082 3887 1227 3957 quendam
1266 3885 1429 3941 Walterum

380 3973 473 4046 Pspec
504 3973 536 4027 in
559 3963 724 4045 Angliam⁵
745 3973 897 4042 adductus,
922 3978 1087 4030 constructo
1110 3973 1285 4030 monasterio
1321 3975 1430 4030 Cister-

380 4061 486 4118 ciensis
507 4061 619 4118 ordinis
653 4062 731 4134 apud
765 4063 919 4120 Rivallem.
968 4063 1029 4118 Istc
1061 4070 1130 4119 sunt
1164 4083 1230 4136 qum
1265 4063 1296 4119 in
1330 4081 1430 4120 eorum

380 4150 503 4222 collegio
517 4153 665 4224 asperiora
689 4152 834 4209 videntur.
860 4156 884 4210 1.
909 4152 992 4225 Quod
1014 4153 1151 4209 videlicet
1176 4153 1253 4208 nihil
1275 4153 1431 4224 pelliceum

379 4245 431 4296 aut
453 4240 565 4297 lineum
586 4247 638 4298 aut
660 4243 778 4298 laneum
800 4243 907 4299 subtile
930 4241 1015 4316 quale
1037 4248 1082 4298 est
1108 4241 1268 4298 staminum
1290 4240 1429 4298 vestiunt.

379 4329 543 4387 Femoralia
564 4330 622 4387 nisi
656 4334 689 4387 in
710 4331 760 4388 ιιι
781 4350 841 4389 oon
874 4334 981 4388 ferunt.
1029 4333 1109 4387 Duas
1143 4331 1258 4386 tunicas
1280 4348 1347 4386 cum
1379 4348 1431 4386 cn·

379 4419 465 4477 cullis
510 4420 651 4478 habentes
695 4423 800 4496 hyeme
834 4441 895 4478 non
933 4425 1051 4494 augent,
1091 4420 1143 4476 scd
1173 4423 1274 4476 aestste
1310 4424 1433 4492 possunt

411 4689 420 4726 ¹
437 4691 530 4757 eapse]
544 4707 576 4741 ec
586 4691 722 4756 proficit,
738 4688 818 4757 Higd.
965 4688 977 4721 ⁴
994 4688 1095 4748 adeun,
1112 4686 1190 4755 ffissd·

411 4771 422 4805 a
438 4771 569 4831 gaiam,
585 4771 665 4837 ffigd,
964 4769 975 4801 ὅ
993 4769 1034 4821 On
1045 4769 1106 4819 both
1118 4766 1238 4836 msrgim,
1249 4769 1323 4823 Ordo
1337 4769 1434 4823 Cister-

411 4849 423 4884 ι
435 4849 589 4917 pompm,
605 4848 684 4916 nigfi,
931 4848 1024 4900 elensis
1035 4849 1063 4900 in
1074 4847 1207 4913 Anqls’cus.
