<?xml version="1.0" encoding="UTF-8"?>
<!DOCTYPE html PUBLIC "-//W3C//DTD XHTML 1.0 Transitional//EN"
    "http://www.w3.org/TR/xhtml1/DTD/xhtml1-transitional.dtd">
<html xmlns="http://www.w3.org/1999/xhtml" xml:lang="en" lang="en">
 <head>
  <title>
</title>
<meta http-equiv="Content-Type" content="text/html;charset=utf-8" />
  <meta name='ocr-system' content='tesseract 3.04.00' />
  <meta name='ocr-capabilities' content='ocr_page ocr_carea ocr_par ocr_line ocrx_word'/>
</head>
<body>
  <div class='ocr_page' id='page_1' title='image "./chroniconhenric00lumbgoog_0365.png"; bbox 0 0 3625 5784; ppageno 0'>
   <div class='ocr_carea' id='block_1_1' title="bbox 396 826 1093 893">
    <p class='ocr_par' dir='ltr' id='par_1_1' title="bbox 396 826 1093 893">
     <span class='ocr_line' id='line_1_1' title="bbox 396 826 1093 893; baseline -0.006 0"><span class='ocrx_word' id='word_1_1' title='bbox 396 826 462 893; x_wconf 80' lang='lat'><strong>342</strong></span> <span class='ocrx_word' id='word_1_2' title='bbox 734 840 883 889; x_wconf 76' lang='lat' dir='ltr'><strong>neuster</strong></span> <span class='ocrx_word' id='word_1_3' title='bbox 905 840 1093 889; x_wconf 74' lang='lat' dir='ltr'><strong>artemon</strong></span> 
     </span>
    </p>
   </div>
   <div class='ocr_carea' id='block_1_2' title="bbox 234 1024 1626 4163">
    <p class='ocr_par' dir='ltr' id='par_1_2' title="bbox 234 1024 1626 4163">
     <span class='ocr_line' id='line_1_2' title="bbox 399 1024 1447 1110; baseline -0.004 -17"><span class='ocrx_word' id='word_1_4' title='bbox 399 1027 551 1093; x_wconf 87' lang='lat' dir='ltr'><strong>Britania</strong></span> <span class='ocrx_word' id='word_1_5' title='bbox 585 1037 619 1093; x_wconf 89' lang='lat' dir='ltr'><strong>et</strong></span> <span class='ocrx_word' id='word_1_6' title='bbox 654 1026 807 1092; x_wconf 91' lang='lat' dir='ltr'><strong>dominus</strong></span> <span class='ocrx_word' id='word_1_7' title='bbox 853 1024 1041 1091; x_wconf 89' lang='lat' dir='ltr'><strong>Willelmus</strong></span> <span class='ocrx_word' id='word_1_8' title='bbox 1080 1025 1238 1110; x_wconf 86' lang='lat' dir='ltr'><strong>Latymer</strong></span> <span class='ocrx_word' id='word_1_9' title='bbox 1274 1046 1349 1090; x_wconf 91' lang='lat' dir='ltr'><strong>eum</strong></span> <span class='ocrx_word' id='word_1_10' title='bbox 1387 1046 1447 1091; x_wconf 82' lang='lat' dir='ltr'><strong>eea.</strong></span> 
     </span>
     <span class='ocr_line' id='line_1_3' title="bbox 400 1126 1453 1215; baseline -0.004 -20"><span class='ocrx_word' id='word_1_11' title='bbox 400 1129 608 1215; x_wconf 80' lang='lat' dir='ltr'><strong>equestribus</strong></span> <span class='ocrx_word' id='word_1_12' title='bbox 630 1134 666 1193; x_wconf 92' lang='lat' dir='ltr'><strong>et</strong></span> <span class='ocrx_word' id='word_1_13' title='bbox 698 1128 757 1214; x_wconf 88' lang='lat' dir='ltr'><strong>vij.</strong></span> <span class='ocrx_word' id='word_1_14' title='bbox 780 1126 929 1192; x_wconf 91' lang='lat' dir='ltr'><strong>millibus</strong></span> <span class='ocrx_word' id='word_1_15' title='bbox 956 1127 1106 1213; x_wconf 87' lang='lat' dir='ltr'><strong>peditum</strong></span> <span class='ocrx_word' id='word_1_16' title='bbox 1139 1126 1325 1191; x_wconf 79' lang='lat' dir='ltr'><strong>electorum.</strong></span> <span class='ocrx_word' id='word_1_17' title='bbox 1372 1126 1453 1191; x_wconf 91' lang='lat' dir='ltr'><strong>Pro·</strong></span> 
     </span>
     <span class='ocr_line' id='line_1_4' title="bbox 401 1228 1455 1316; baseline -0.003 -21"><span class='ocrx_word' id='word_1_18' title='bbox 401 1230 570 1316; x_wconf 81' lang='lat' dir='ltr'><strong>lectusque</strong></span> <span class='ocrx_word' id='word_1_19' title='bbox 594 1230 748 1295; x_wconf 90' lang='lat' dir='ltr'><strong>dominus</strong></span> <span class='ocrx_word' id='word_1_20' title='bbox 769 1228 941 1295; x_wconf 87' lang='lat' dir='ltr'><strong>Johannes</strong></span> <span class='ocrx_word' id='word_1_21' title='bbox 974 1230 1016 1294; x_wconf 87' lang='lat' dir='ltr'><strong>de</strong></span> <span class='ocrx_word' id='word_1_22' title='bbox 1048 1234 1162 1294; x_wconf 87' lang='lat' dir='ltr'><strong>sancto</strong></span> <span class='ocrx_word' id='word_1_23' title='bbox 1194 1228 1346 1294; x_wconf 87' lang='lat' dir='ltr'><strong>Johanne</strong></span> <span class='ocrx_word' id='word_1_24' title='bbox 1380 1250 1455 1294; x_wconf 90' lang='lat' dir='ltr'><strong>eum</strong></span> 
     </span>
     <span class='ocr_line' id='line_1_5' title="bbox 403 1330 1457 1418; baseline -0.003 -22"><span class='ocrx_word' id='word_1_25' title='bbox 403 1332 530 1418; x_wconf 89' lang='lat' dir='ltr'><strong>reliquo</strong></span> <span class='ocrx_word' id='word_1_26' title='bbox 564 1331 688 1418; x_wconf 92' lang='lat' dir='ltr'><strong>populo</strong></span> <span class='ocrx_word' id='word_1_27' title='bbox 726 1351 830 1416; x_wconf 84' lang='lat' dir='ltr'><strong>usque</strong></span> <span class='ocrx_word' id='word_1_28' title='bbox 863 1330 984 1417; x_wconf 81' lang='lat' dir='ltr'><strong>Bayon</strong></span> <span class='ocrx_word' id='word_1_29' title='bbox 1018 1352 1092 1416; x_wconf 87' lang='lat' dir='ltr'><strong>quaa</strong></span> <span class='ocrx_word' id='word_1_30' title='bbox 1123 1330 1269 1395; x_wconf 74' lang='lat' dir='ltr'><strong>situatur</strong></span> <span class='ocrx_word' id='word_1_31' title='bbox 1306 1330 1342 1393; x_wconf 95' lang='lat' dir='ltr'><strong>in</strong></span> <span class='ocrx_word' id='word_1_32' title='bbox 1373 1331 1457 1393; x_wconf 87' lang='lat' dir='ltr'><strong>mari</strong></span> 
     </span>
     <span class='ocr_line' id='line_1_6' title="bbox 234 1431 1458 1519; baseline -0.001 -21"><span class='ocrx_word' id='word_1_33' title='bbox 234 1434 295 1518; x_wconf 61' lang='lat' dir='ltr'><strong>res</strong></span> <span class='ocrx_word' id='word_1_34' title='bbox 306 1431 387 1481; x_wconf 78' lang='lat' dir='ltr'><strong>under</strong></span> <span class='ocrx_word' id='word_1_35' title='bbox 407 1434 582 1519; x_wconf 73' lang='lat' dir='ltr'>Hispaniae</span> <span class='ocrx_word' id='word_1_36' title='bbox 613 1454 729 1499; x_wconf 89' lang='lat' dir='ltr'><strong>versus</strong></span> <span class='ocrx_word' id='word_1_37' title='bbox 753 1432 964 1512; x_wconf 69' lang='lat' dir='ltr'><strong>uendentem,</strong></span> <span class='ocrx_word' id='word_1_38' title='bbox 997 1437 1032 1497; x_wconf 89' lang='lat' dir='ltr'><strong>et</strong></span> <span class='ocrx_word' id='word_1_39' title='bbox 1062 1436 1113 1497; x_wconf 85' lang='lat' dir='ltr'><strong>est</strong></span> <span class='ocrx_word' id='word_1_40' title='bbox 1134 1432 1254 1497; x_wconf 81' lang='lat' dir='ltr'><strong>civitas</strong></span> <span class='ocrx_word' id='word_1_41' title='bbox 1276 1431 1458 1497; x_wconf 85' lang='lat' dir='ltr'><strong>fortissima</strong></span> 
     </span>
     <span class='ocr_line' id='line_1_7' title="bbox 237 1497 1458 1621; baseline -0.002 -21"><span class='ocrx_word' id='word_1_42' title='bbox 237 1497 361 1617; x_wconf 40' lang='lat' dir='ltr'><strong>{gilli</strong></span> <span class='ocrx_word' id='word_1_43' title='bbox 406 1539 441 1601; x_wconf 88' lang='lat' dir='ltr'><strong>et</strong></span> <span class='ocrx_word' id='word_1_44' title='bbox 463 1536 558 1621; x_wconf 89' lang='lat' dir='ltr'><strong>quasi</strong></span> <span class='ocrx_word' id='word_1_45' title='bbox 581 1534 852 1621; x_wconf 86' lang='lat' dir='ltr'><strong>inexpugnabilis</strong></span> <span class='ocrx_word' id='word_1_46' title='bbox 875 1534 1003 1598; x_wconf 89' lang='lat' dir='ltr'><strong>distans</strong></span> <span class='ocrx_word' id='word_1_47' title='bbox 1029 1556 1049 1597; x_wconf 92' lang='lat' dir='ltr'><strong>a</strong></span> <span class='ocrx_word' id='word_1_48' title='bbox 1071 1533 1186 1619; x_wconf 88' lang='lat' dir='ltr'><strong>Ryens</strong></span> <span class='ocrx_word' id='word_1_49' title='bbox 1208 1555 1267 1619; x_wconf 90' lang='lat' dir='ltr'><strong>per</strong></span> <span class='ocrx_word' id='word_1_50' title='bbox 1290 1555 1319 1598; x_wconf 90' lang='lat' dir='ltr'><strong>v.</strong></span> <span class='ocrx_word' id='word_1_51' title='bbox 1343 1534 1458 1599; x_wconf 83' lang='lat' dir='ltr'><strong>diaetas</strong></span> 
     </span>
     <span class='ocr_line' id='line_1_8' title="bbox 236 1635 1458 1747; baseline -0.004 -44"><span class='ocrx_word' id='word_1_52' title='bbox 236 1638 309 1747; x_wconf 57' lang='grc' dir='ltr'><strong>ΚΒΜ</strong></span> <span class='ocrx_word' id='word_1_53' title='bbox 409 1637 562 1714; x_wconf 84' lang='lat' dir='ltr'><strong>modicas,</strong></span> <span class='ocrx_word' id='word_1_54' title='bbox 584 1658 643 1723; x_wconf 90' lang='lat' dir='ltr'><strong>per</strong></span> <span class='ocrx_word' id='word_1_55' title='bbox 665 1660 746 1703; x_wconf 79' lang='lat' dir='ltr'><strong>xxx.</strong></span> <span class='ocrx_word' id='word_1_56' title='bbox 776 1636 887 1702; x_wconf 86' lang='lat' dir='ltr'><strong>leucas</strong></span> <span class='ocrx_word' id='word_1_57' title='bbox 910 1636 1053 1722; x_wconf 87' lang='lat' dir='ltr'>regionis</span> <span class='ocrx_word' id='word_1_58' title='bbox 1085 1635 1182 1701; x_wconf 83' lang='lat' dir='ltr'><strong>illius</strong></span> <span class='ocrx_word' id='word_1_59' title='bbox 1230 1635 1347 1703; x_wconf 86' lang='lat' dir='ltr'><strong>Comes</strong></span> <span class='ocrx_word' id='word_1_60' title='bbox 1370 1636 1458 1700; x_wconf 87' lang='lat' dir='ltr'><strong>enim</strong></span> 
     </span>
     <span class='ocr_line' id='line_1_9' title="bbox 262 1710 1433 1806; baseline -0.003 0"><span class='ocrx_word' id='word_1_61' title='bbox 262 1710 369 1763; x_wconf 70' lang='lat' dir='ltr'><strong>syonna.</strong></span> <span class='ocrx_word' id='word_1_62' title='bbox 408 1745 443 1806; x_wconf 90' lang='lat' dir='ltr'><strong>et</strong></span> <span class='ocrx_word' id='word_1_63' title='bbox 466 1740 616 1805; x_wconf 87' lang='lat' dir='ltr'><strong>homines</strong></span> <span class='ocrx_word' id='word_1_64' title='bbox 638 1740 730 1804; x_wconf 86' lang='lat' dir='ltr'><strong>urbis</strong></span> <span class='ocrx_word' id='word_1_65' title='bbox 753 1739 844 1803; x_wconf 81' lang='lat' dir='ltr'><strong>illius</strong></span> <span class='ocrx_word' id='word_1_66' title='bbox 867 1760 942 1803; x_wconf 88' lang='lat' dir='ltr'><strong>cum</strong></span> <span class='ocrx_word' id='word_1_67' title='bbox 966 1738 1137 1803; x_wconf 74' lang='lat' dir='ltr'><strong>audissent</strong></span> <span class='ocrx_word' id='word_1_68' title='bbox 1162 1758 1238 1801; x_wconf 89' lang='lat' dir='ltr'><strong>eum</strong></span> <span class='ocrx_word' id='word_1_69' title='bbox 1261 1737 1433 1803; x_wconf 86' lang='lat' dir='ltr'><strong>advenisse</strong></span> 
     </span>
     <span class='ocr_line' id='line_1_10' title="bbox 406 1838 1458 1924; baseline -0.002 -19"><span class='ocrx_word' id='word_1_70' title='bbox 406 1842 443 1905; x_wconf 92' lang='lat' dir='ltr'><strong>in</strong></span> <span class='ocrx_word' id='word_1_71' title='bbox 474 1847 606 1918; x_wconf 80' lang='lat' dir='ltr'><strong>terram,</strong></span> <span class='ocrx_word' id='word_1_72' title='bbox 637 1845 842 1905; x_wconf 83' lang='lat' dir='ltr'><strong>vocaverunt</strong></span> <span class='ocrx_word' id='word_1_73' title='bbox 868 1861 954 1916; x_wconf 86' lang='lat' dir='ltr'><strong>eum,</strong></span> <span class='ocrx_word' id='word_1_74' title='bbox 986 1860 1024 1904; x_wconf 90' lang='lat' dir='ltr'><strong>eo</strong></span> <span class='ocrx_word' id='word_1_75' title='bbox 1053 1838 1240 1924; x_wconf 82' lang='lat' dir='ltr'><strong>quodsum</strong></span> <span class='ocrx_word' id='word_1_76' title='bbox 1273 1838 1458 1924; x_wconf 74' lang='lat' dir='ltr'>diligebant</span> 
     </span>
     <span class='ocr_line' id='line_1_11' title="bbox 407 1938 1459 2027; baseline -0.002 -20"><span class='ocrx_word' id='word_1_77' title='bbox 407 1963 467 2027; x_wconf 93' lang='lat' dir='ltr'><strong>pro</strong></span> <span class='ocrx_word' id='word_1_78' title='bbox 489 1942 630 2027; x_wconf 86' lang='lat' dir='ltr'><strong>antiqua</strong></span> <span class='ocrx_word' id='word_1_79' title='bbox 654 1942 815 2019; x_wconf 78' lang='lat' dir='ltr'><strong>custodia,</strong></span> <span class='ocrx_word' id='word_1_80' title='bbox 832 1939 945 2005; x_wconf 82' lang='lat' dir='ltr'><strong>fuerat</strong></span> <span class='ocrx_word' id='word_1_81' title='bbox 964 1941 1053 2006; x_wconf 89' lang='lat' dir='ltr'><strong>enim</strong></span> <span class='ocrx_word' id='word_1_82' title='bbox 1076 1946 1116 2005; x_wconf 93' lang='lat' dir='ltr'><strong>ut</strong></span> <span class='ocrx_word' id='word_1_83' title='bbox 1138 1940 1262 2006; x_wconf 85' lang='lat' dir='ltr'><strong>dietum</strong></span> <span class='ocrx_word' id='word_1_84' title='bbox 1287 1938 1359 2018; x_wconf 72' lang='lat' dir='ltr'><strong>ost,2</strong></span> <span class='ocrx_word' id='word_1_85' title='bbox 1382 1940 1459 2007; x_wconf 90' lang='lat' dir='ltr'><strong>olim</strong></span> 
     </span>
     <span class='ocr_line' id='line_1_12' title="bbox 408 2042 1460 2129; baseline -0.001 -21"><span class='ocrx_word' id='word_1_86' title='bbox 408 2049 518 2109; x_wconf 89' lang='lat' dir='ltr'><strong>eustos</strong></span> <span class='ocrx_word' id='word_1_87' title='bbox 542 2044 647 2107; x_wconf 89' lang='lat' dir='ltr'><strong>totius</strong></span> <span class='ocrx_word' id='word_1_88' title='bbox 669 2048 768 2108; x_wconf 83' lang='lat' dir='ltr'><strong>terrae</strong></span> <span class='ocrx_word' id='word_1_89' title='bbox 792 2042 963 2108; x_wconf 73' lang='lat' dir='ltr'><strong>Vaseoniae</strong></span> <span class='ocrx_word' id='word_1_90' title='bbox 987 2064 1028 2107; x_wconf 82' lang='lat' dir='ltr'><strong>ex</strong></span> <span class='ocrx_word' id='word_1_91' title='bbox 1051 2047 1146 2128; x_wconf 88' lang='lat' dir='ltr'><strong>parte</strong></span> <span class='ocrx_word' id='word_1_92' title='bbox 1169 2042 1255 2129; x_wconf 82' lang='lat' dir='ltr'><strong>regis</strong></span> <span class='ocrx_word' id='word_1_93' title='bbox 1278 2042 1409 2129; x_wconf 83' lang='lat' dir='ltr'><strong>Angliae</strong></span> <span class='ocrx_word' id='word_1_94' title='bbox 1426 2049 1460 2107; x_wconf 88' lang='lat' dir='ltr'><strong>et</strong></span> 
     </span>
     <span class='ocr_line' id='line_1_13' title="bbox 409 2142 1461 2231; baseline -0.005 -20"><span class='ocrx_word' id='word_1_95' title='bbox 409 2167 464 2211; x_wconf 85' lang='lat' dir='ltr'><strong>eos</strong></span> <span class='ocrx_word' id='word_1_96' title='bbox 479 2166 553 2209; x_wconf 89' lang='lat' dir='ltr'><strong>curn</strong></span> <span class='ocrx_word' id='word_1_97' title='bbox 569 2146 778 2209; x_wconf 74' lang='lat' dir='ltr'><strong>humanitate</strong></span> <span class='ocrx_word' id='word_1_98' title='bbox 793 2145 968 2209; x_wconf 81' lang='lat' dir='ltr'><strong>tractabat</strong></span> <span class='ocrx_word' id='word_1_99' title='bbox 1016 2142 1166 2229; x_wconf 84' lang='lat' dir='ltr'><strong>Cumque</strong></span> <span class='ocrx_word' id='word_1_100' title='bbox 1181 2145 1461 2231; x_wconf 79' lang='lat' dir='ltr'><strong>appropinquaret</strong></span> 
     </span>
     <span class='ocr_line' id='line_1_14' title="bbox 243 2240 1461 2331; baseline 0.003 -24"><span class='ocrx_word' id='word_1_101' title='bbox 243 2240 370 2307; x_wconf 69' lang='lat' dir='ltr'><strong>Knowing</strong></span> <span class='ocrx_word' id='word_1_102' title='bbox 410 2246 542 2313; x_wconf 80' lang='lat' dir='ltr'><strong>civitati</strong></span> <span class='ocrx_word' id='word_1_103' title='bbox 564 2251 600 2311; x_wconf 88' lang='lat' dir='ltr'><strong>et</strong></span> <span class='ocrx_word' id='word_1_104' title='bbox 622 2252 732 2311; x_wconf 87' lang='lat' dir='ltr'><strong>essent</strong></span> <span class='ocrx_word' id='word_1_105' title='bbox 753 2246 835 2311; x_wconf 87' lang='lat' dir='ltr'><strong>certi</strong></span> <span class='ocrx_word' id='word_1_106' title='bbox 858 2246 946 2311; x_wconf 82' lang='lat' dir='ltr'><strong>eires</strong></span> <span class='ocrx_word' id='word_1_107' title='bbox 969 2246 1009 2311; x_wconf 90' lang='lat' dir='ltr'><strong>de</strong></span> <span class='ocrx_word' id='word_1_108' title='bbox 1027 2246 1098 2331; x_wconf 86' lang='lat' dir='ltr'><strong>ejus</strong></span> <span class='ocrx_word' id='word_1_109' title='bbox 1121 2247 1278 2325; x_wconf 85' lang='lat' dir='ltr'><strong>adventu,</strong></span> <span class='ocrx_word' id='word_1_110' title='bbox 1295 2247 1461 2311; x_wconf 84' lang='lat' dir='ltr'><strong>irruerunt</strong></span> 
     </span>
     <span class='ocr_line' id='line_1_15' title="bbox 240 2308 1460 2451; baseline 0 -38"><span class='ocrx_word' id='word_1_111' title='bbox 240 2308 350 2451; x_wconf 50' lang='lat' dir='ltr'><strong>blitgllsh</strong></span> <span class='ocrx_word' id='word_1_112' title='bbox 412 2348 569 2413; x_wconf 82' lang='lat' dir='ltr'><strong>continuo</strong></span> <span class='ocrx_word' id='word_1_113' title='bbox 601 2347 636 2411; x_wconf 94' lang='lat' dir='ltr'><strong>in</strong></span> <span class='ocrx_word' id='word_1_114' title='bbox 674 2348 841 2432; x_wconf 84' lang='lat' dir='ltr'><strong>regalibus</strong></span> <span class='ocrx_word' id='word_1_115' title='bbox 889 2346 1033 2412; x_wconf 87' lang='lat' dir='ltr'><strong>Francis·</strong></span> <span class='ocrx_word' id='word_1_116' title='bbox 1064 2348 1122 2433; x_wconf 91' lang='lat' dir='ltr'><strong>qui</strong></span> <span class='ocrx_word' id='word_1_117' title='bbox 1162 2369 1204 2412; x_wconf 86' lang='lat' dir='ltr'><strong>ex</strong></span> <span class='ocrx_word' id='word_1_118' title='bbox 1241 2353 1337 2433; x_wconf 90' lang='lat' dir='ltr'><strong>parte</strong></span> <span class='ocrx_word' id='word_1_119' title='bbox 1374 2350 1460 2434; x_wconf 84' lang='lat' dir='ltr'><strong>regis</strong></span> 
     </span>
     <span class='ocr_line' id='line_1_16' title="bbox 243 2440 1462 2555; baseline 0.001 -42"><span class='ocrx_word' id='word_1_120' title='bbox 243 2440 390 2555; x_wconf 55' lang='lat' dir='ltr'><strong>amvplthe</strong></span> <span class='ocrx_word' id='word_1_121' title='bbox 412 2449 560 2514; x_wconf 85' lang='lat' dir='ltr'><strong>Franeiae</strong></span> <span class='ocrx_word' id='word_1_122' title='bbox 582 2449 850 2534; x_wconf 66' lang='lat' dir='ltr'><strong>praeficiebantur</strong></span> <span class='ocrx_word' id='word_1_123' title='bbox 881 2449 930 2513; x_wconf 90' lang='lat' dir='ltr'><strong>eis</strong></span> <span class='ocrx_word' id='word_1_124' title='bbox 957 2453 991 2514; x_wconf 87' lang='lat' dir='ltr'><strong>et</strong></span> <span class='ocrx_word' id='word_1_125' title='bbox 1013 2450 1106 2514; x_wconf 75' lang='lat' dir='ltr'><strong>eaesis</strong></span> <span class='ocrx_word' id='word_1_126' title='bbox 1131 2449 1245 2513; x_wconf 85' lang='lat' dir='ltr'><strong>multis</strong></span> <span class='ocrx_word' id='word_1_127' title='bbox 1268 2471 1311 2514; x_wconf 87' lang='lat' dir='ltr'><strong>ex</strong></span> <span class='ocrx_word' id='word_1_128' title='bbox 1334 2450 1381 2514; x_wconf 90' lang='lat' dir='ltr'><strong>eis</strong></span> <span class='ocrx_word' id='word_1_129' title='bbox 1404 2451 1462 2535; x_wconf 87' lang='lat' dir='ltr'><strong>qui</strong></span> 
     </span>
     <span class='ocr_line' id='line_1_17' title="bbox 237 2522 1462 2637; baseline 0.002 -22"><span class='ocrx_word' id='word_1_130' title='bbox 237 2522 382 2623; x_wconf 52' lang='lat' dir='ltr'><strong>milae</strong></span> <span class='ocrx_word' id='word_1_131' title='bbox 411 2552 449 2615; x_wconf 92' lang='lat' dir='ltr'><strong>in</strong></span> <span class='ocrx_word' id='word_1_132' title='bbox 470 2552 607 2616; x_wconf 83' lang='lat' dir='ltr'><strong>civitate</strong></span> <span class='ocrx_word' id='word_1_133' title='bbox 642 2550 784 2627; x_wconf 82' lang='lat' dir='ltr'><strong>fuerant,</strong></span> <span class='ocrx_word' id='word_1_134' title='bbox 807 2550 952 2635; x_wconf 90' lang='lat' dir='ltr'><strong>reliquos</strong></span> <span class='ocrx_word' id='word_1_135' title='bbox 975 2551 1011 2615; x_wconf 93' lang='lat' dir='ltr'><strong>in</strong></span> <span class='ocrx_word' id='word_1_136' title='bbox 1034 2551 1165 2637; x_wconf 90' lang='lat' dir='ltr'><strong>prisone</strong></span> <span class='ocrx_word' id='word_1_137' title='bbox 1188 2551 1367 2615; x_wconf 84' lang='lat' dir='ltr'><strong>fortissimo</strong></span> <span class='ocrx_word' id='word_1_138' title='bbox 1400 2552 1462 2618; x_wconf 84' lang='lat' dir='ltr'><strong>loci</strong></span> 
     </span>
     <span class='ocr_line' id='line_1_18' title="bbox 240 2638 1462 2739; baseline 0.001 -20"><span class='ocrx_word' id='word_1_139' title='bbox 240 2638 348 2691; x_wconf 77' lang='lat' dir='ltr'><strong>Frencn</strong></span> <span class='ocrx_word' id='word_1_140' title='bbox 410 2653 558 2739; x_wconf 87' lang='lat' dir='ltr'><strong>ejusdem</strong></span> <span class='ocrx_word' id='word_1_141' title='bbox 587 2654 830 2719; x_wconf 79' lang='lat' dir='ltr'><strong>concluserunt</strong></span> <span class='ocrx_word' id='word_1_142' title='bbox 876 2652 1003 2719; x_wconf 86' lang='lat' dir='ltr'><strong>Exosos</strong></span> <span class='ocrx_word' id='word_1_143' title='bbox 1036 2654 1126 2718; x_wconf 90' lang='lat' dir='ltr'><strong>enim</strong></span> <span class='ocrx_word' id='word_1_144' title='bbox 1149 2675 1203 2719; x_wconf 91' lang='lat' dir='ltr'><strong>eos</strong></span> <span class='ocrx_word' id='word_1_145' title='bbox 1226 2654 1395 2719; x_wconf 77' lang='lat' dir='ltr'><strong>habebant</strong></span> <span class='ocrx_word' id='word_1_146' title='bbox 1424 2676 1462 2720; x_wconf 88' lang='lat' dir='ltr'><strong>eo</strong></span> 
     </span>
     <span class='ocr_line' id='line_1_19' title="bbox 409 2754 1626 2873; baseline 0.001 -53"><span class='ocrx_word' id='word_1_147' title='bbox 409 2756 500 2841; x_wconf 92' lang='lat' dir='ltr'><strong>quod</strong></span> <span class='ocrx_word' id='word_1_148' title='bbox 523 2755 752 2820; x_wconf 84' lang='lat' dir='ltr'><strong>abutebantur</strong></span> <span class='ocrx_word' id='word_1_149' title='bbox 773 2754 859 2819; x_wconf 88' lang='lat' dir='ltr'><strong>mals</strong></span> <span class='ocrx_word' id='word_1_150' title='bbox 873 2775 1026 2821; x_wconf 83' lang='lat' dir='ltr'><strong>consessa</strong></span> <span class='ocrx_word' id='word_1_151' title='bbox 1048 2760 1221 2841; x_wconf 87' lang='lat' dir='ltr'><strong>potestate,</strong></span> <span class='ocrx_word' id='word_1_152' title='bbox 1236 2756 1461 2821; x_wconf 72' lang='lat' dir='ltr'><strong>tradiderunt</strong></span> <span class='ocrx_word' id='word_1_153' title='bbox 1474 2754 1561 2873; x_wconf 48' lang='lat' dir='ltr'><strong>{4⁸33ss</strong></span> <span class='ocrx_word' id='word_1_154' title='bbox 1573 2756 1626 2805; x_wconf 66' lang='lat'><strong>⁰0¹·</strong></span> 
     </span>
     <span class='ocr_line' id='line_1_20' title="bbox 410 2856 1548 2943; baseline 0.001 -22"><span class='ocrx_word' id='word_1_155' title='bbox 410 2878 474 2943; x_wconf 89' lang='lat' dir='ltr'><strong>que</strong></span> <span class='ocrx_word' id='word_1_156' title='bbox 490 2857 639 2922; x_wconf 89' lang='lat' dir='ltr'><strong>venienti</strong></span> <span class='ocrx_word' id='word_1_157' title='bbox 655 2857 837 2931; x_wconf 81' lang='lat' dir='ltr'><strong>civitatem,</strong></span> <span class='ocrx_word' id='word_1_158' title='bbox 853 2860 886 2921; x_wconf 87' lang='lat' dir='ltr'><strong>et</strong></span> <span class='ocrx_word' id='word_1_159' title='bbox 903 2856 1106 2921; x_wconf 84' lang='lat' dir='ltr'><strong>obsidionem</strong></span> <span class='ocrx_word' id='word_1_160' title='bbox 1122 2856 1222 2921; x_wconf 84' lang='lat' dir='ltr'><strong>castri</strong></span> <span class='ocrx_word' id='word_1_161' title='bbox 1237 2858 1461 2922; x_wconf 80' lang='lat' dir='ltr'><strong>continuando</strong></span> <span class='ocrx_word' id='word_1_162' title='bbox 1542 2858 1548 2870; x_wconf 91' lang='lat'>&#39;</span> 
     </span>
     <span class='ocr_line' id='line_1_21' title="bbox 411 2956 1461 3043; baseline 0 -20"><span class='ocrx_word' id='word_1_163' title='bbox 411 2963 600 3036; x_wconf 79' lang='lat' dir='ltr'><strong>tenuerunt</strong></span> <span class='ocrx_word' id='word_1_164' title='bbox 627 2958 773 3024; x_wconf 86' lang='lat' dir='ltr'><strong>dieentes</strong></span> <span class='ocrx_word' id='word_1_165' title='bbox 796 2956 904 3035; x_wconf 72' lang='lat' dir='ltr'><strong>lasso,8</strong></span> <span class='ocrx_word' id='word_1_166' title='bbox 928 2958 1016 3043; x_wconf 87' lang='lat' dir='ltr'><strong>quod</strong></span> <span class='ocrx_word' id='word_1_167' title='bbox 1040 2978 1074 3022; x_wconf 89' lang='lat' dir='ltr'><strong>se</strong></span> <span class='ocrx_word' id='word_1_168' title='bbox 1097 2979 1172 3023; x_wconf 89' lang='lat' dir='ltr'><strong>eum</strong></span> <span class='ocrx_word' id='word_1_169' title='bbox 1195 2958 1263 3023; x_wconf 88' lang='lat' dir='ltr'><strong>suis</strong></span> <span class='ocrx_word' id='word_1_170' title='bbox 1286 2960 1461 3024; x_wconf 85' lang='lat' dir='ltr'><strong>recreando</strong></span> 
     </span>
     <span class='ocr_line' id='line_1_22' title="bbox 410 3058 1463 3135; baseline 0.003 -13"><span class='ocrx_word' id='word_1_171' title='bbox 410 3059 567 3135; x_wconf 80' lang='lat' dir='ltr'><strong>reficeret,</strong></span> <span class='ocrx_word' id='word_1_172' title='bbox 590 3060 717 3125; x_wconf 89' lang='lat' dir='ltr'><strong>nullam</strong></span> <span class='ocrx_word' id='word_1_173' title='bbox 740 3058 890 3125; x_wconf 85' lang='lat' dir='ltr'><strong>habendo</strong></span> <span class='ocrx_word' id='word_1_174' title='bbox 904 3080 1018 3124; x_wconf 88' lang='lat' dir='ltr'><strong>euram</strong></span> <span class='ocrx_word' id='word_1_175' title='bbox 1041 3059 1081 3124; x_wconf 89' lang='lat' dir='ltr'><strong>de</strong></span> <span class='ocrx_word' id='word_1_176' title='bbox 1105 3060 1252 3125; x_wconf 84' lang='lat' dir='ltr'><strong>obsessis.</strong></span> <span class='ocrx_word' id='word_1_177' title='bbox 1299 3060 1379 3125; x_wconf 86' lang='lat' dir='ltr'><strong>Post</strong></span> <span class='ocrx_word' id='word_1_178' title='bbox 1393 3061 1463 3125; x_wconf 88' lang='lat' dir='ltr'><strong>dies</strong></span> 
     </span>
     <span class='ocr_line' id='line_1_23' title="bbox 241 3162 1464 3247; baseline 0.001 -21"><span class='ocrx_word' id='word_1_179' title='bbox 241 3170 378 3219; x_wconf 77' lang='lat' dir='ltr'><strong>Surrender</strong></span> <span class='ocrx_word' id='word_1_180' title='bbox 412 3168 526 3226; x_wconf 91' lang='lat' dir='ltr'><strong>autem</strong></span> <span class='ocrx_word' id='word_1_181' title='bbox 561 3162 690 3247; x_wconf 84' lang='lat' dir='ltr'><strong>aliquot</strong></span> <span class='ocrx_word' id='word_1_182' title='bbox 728 3184 803 3228; x_wconf 89' lang='lat' dir='ltr'><strong>eum</strong></span> <span class='ocrx_word' id='word_1_183' title='bbox 849 3184 884 3227; x_wconf 88' lang='lat' dir='ltr'><strong>se</strong></span> <span class='ocrx_word' id='word_1_184' title='bbox 918 3162 1077 3227; x_wconf 88' lang='lat' dir='ltr'><strong>viderent</strong></span> <span class='ocrx_word' id='word_1_185' title='bbox 1114 3168 1293 3227; x_wconf 78' lang='lat' dir='ltr'><strong>cestrenses</strong></span> <span class='ocrx_word' id='word_1_186' title='bbox 1324 3162 1372 3227; x_wconf 89' lang='lat' dir='ltr'><strong>sio</strong></span> <span class='ocrx_word' id='word_1_187' title='bbox 1406 3162 1464 3227; x_wconf 88' lang='lat' dir='ltr'><strong>diu</strong></span> 
     </span>
     <span class='ocr_line' id='line_1_24' title="bbox 241 3234 1463 3351; baseline 0.001 -23"><span class='ocrx_word' id='word_1_188' title='bbox 241 3234 342 3351; x_wconf 56' lang='lat' dir='ltr'><strong>2-er</strong></span> <span class='ocrx_word' id='word_1_189' title='bbox 412 3284 545 3329; x_wconf 87' lang='lat' dir='ltr'><strong>manere</strong></span> <span class='ocrx_word' id='word_1_190' title='bbox 568 3285 635 3329; x_wconf 93' lang='lat' dir='ltr'><strong>non</strong></span> <span class='ocrx_word' id='word_1_191' title='bbox 662 3285 765 3349; x_wconf 89' lang='lat' dir='ltr'><strong>posse,</strong></span> <span class='ocrx_word' id='word_1_192' title='bbox 790 3263 953 3328; x_wconf 86' lang='lat' dir='ltr'><strong>dederunt</strong></span> <span class='ocrx_word' id='word_1_193' title='bbox 975 3286 1019 3341; x_wconf 90' lang='lat' dir='ltr'><strong>se,</strong></span> <span class='ocrx_word' id='word_1_194' title='bbox 1034 3262 1096 3329; x_wconf 91' lang='lat' dir='ltr'><strong>sub</strong></span> <span class='ocrx_word' id='word_1_195' title='bbox 1119 3269 1216 3350; x_wconf 87' lang='lat' dir='ltr'><strong>paeto</strong></span> <span class='ocrx_word' id='word_1_196' title='bbox 1240 3268 1361 3341; x_wconf 87' lang='lat' dir='ltr'><strong>tamen,</strong></span> <span class='ocrx_word' id='word_1_197' title='bbox 1377 3266 1463 3349; x_wconf 90' lang='lat' dir='ltr'><strong>quod</strong></span> 
     </span>
     <span class='ocr_line' id='line_1_25' title="bbox 239 3366 1464 3451; baseline -0.002 -18"><span class='ocrx_word' id='word_1_198' title='bbox 239 3366 355 3433; x_wconf 75' lang='lat' dir='ltr'><strong>garrison</strong></span> <span class='ocrx_word' id='word_1_199' title='bbox 412 3370 522 3430; x_wconf 87' lang='lat' dir='ltr'><strong>eustos</strong></span> <span class='ocrx_word' id='word_1_200' title='bbox 546 3387 659 3431; x_wconf 86' lang='lat' dir='ltr'><strong>eorum</strong></span> <span class='ocrx_word' id='word_1_201' title='bbox 682 3371 866 3431; x_wconf 87' lang='lat' dir='ltr'><strong>remaneret</strong></span> <span class='ocrx_word' id='word_1_202' title='bbox 888 3387 948 3451; x_wconf 91' lang='lat' dir='ltr'><strong>pro</strong></span> <span class='ocrx_word' id='word_1_203' title='bbox 972 3366 1133 3443; x_wconf 90' lang='lat' dir='ltr'><strong>omnibus,</strong></span> <span class='ocrx_word' id='word_1_204' title='bbox 1150 3372 1184 3431; x_wconf 86' lang='lat' dir='ltr'><strong>et</strong></span> <span class='ocrx_word' id='word_1_205' title='bbox 1207 3366 1317 3431; x_wconf 87' lang='lat' dir='ltr'><strong>caeteri</strong></span> <span class='ocrx_word' id='word_1_206' title='bbox 1333 3366 1464 3431; x_wconf 89' lang='lat' dir='ltr'><strong>abirent</strong></span> 
     </span>
     <span class='ocr_line' id='line_1_26' title="bbox 240 3442 1462 3551; baseline 0.002 -21"><span class='ocrx_word' id='word_1_207' title='bbox 240 3442 371 3483; x_wconf 80' lang='lat' dir='ltr'><strong>onterms.</strong></span> <span class='ocrx_word' id='word_1_208' title='bbox 413 3466 519 3532; x_wconf 80' lang='lat' dir='ltr'><strong>illaesi.</strong></span> <span class='ocrx_word' id='word_1_209' title='bbox 569 3466 805 3551; x_wconf 84' lang='lat' dir='ltr'><strong>Remansitque</strong></span> <span class='ocrx_word' id='word_1_210' title='bbox 828 3472 939 3532; x_wconf 88' lang='lat' dir='ltr'><strong>eustos</strong></span> <span class='ocrx_word' id='word_1_211' title='bbox 971 3488 1083 3532; x_wconf 89' lang='lat' dir='ltr'><strong>eorum</strong></span> <span class='ocrx_word' id='word_1_212' title='bbox 1114 3467 1281 3533; x_wconf 86' lang='lat' dir='ltr'><strong>Jordanus</strong></span> <span class='ocrx_word' id='word_1_213' title='bbox 1304 3468 1462 3544; x_wconf 87' lang='lat' dir='ltr'><strong>Bertram,</strong></span> 
     </span>
     <span class='ocr_line' id='line_1_27' title="bbox 412 3567 1464 3657; baseline 0.002 -24"><span class='ocrx_word' id='word_1_214' title='bbox 412 3574 446 3633; x_wconf 87' lang='lat' dir='ltr'><strong>et</strong></span> <span class='ocrx_word' id='word_1_215' title='bbox 469 3568 590 3653; x_wconf 91' lang='lat' dir='ltr'><strong>reliqui</strong></span> <span class='ocrx_word' id='word_1_216' title='bbox 623 3568 788 3635; x_wconf 81' lang='lat' dir='ltr'><strong>abierunt</strong></span> <span class='ocrx_word' id='word_1_217' title='bbox 835 3567 958 3653; x_wconf 88' lang='lat' dir='ltr'><strong>Elapso</strong></span> <span class='ocrx_word' id='word_1_218' title='bbox 981 3568 1088 3657; x_wconf 77' lang='lat' dir='ltr'><strong>igitur</strong></span> <span class='ocrx_word' id='word_1_219' title='bbox 1110 3574 1257 3655; x_wconf 87' lang='lat' dir='ltr'><strong>tempore</strong></span> <span class='ocrx_word' id='word_1_220' title='bbox 1280 3570 1408 3636; x_wconf 91' lang='lat' dir='ltr'><strong>modieo</strong></span> <span class='ocrx_word' id='word_1_221' title='bbox 1431 3580 1464 3635; x_wconf 90' lang='lat' dir='ltr'><strong>et</strong></span> 
     </span>
     <span class='ocr_line' id='line_1_28' title="bbox 411 3669 1462 3757; baseline 0.002 -22"><span class='ocrx_word' id='word_1_222' title='bbox 411 3669 539 3735; x_wconf 82' lang='lat' dir='ltr'><strong>viribus</strong></span> <span class='ocrx_word' id='word_1_223' title='bbox 578 3670 803 3756; x_wconf 80' lang='lat' dir='ltr'><strong>reassumptis,</strong></span> <span class='ocrx_word' id='word_1_224' title='bbox 853 3670 976 3756; x_wconf 87' lang='lat' dir='ltr'><strong>egressi</strong></span> <span class='ocrx_word' id='word_1_225' title='bbox 1014 3676 1095 3735; x_wconf 93' lang='lat' dir='ltr'><strong>sunt</strong></span> <span class='ocrx_word' id='word_1_226' title='bbox 1139 3672 1242 3757; x_wconf 82' lang='lat' dir='ltr'><strong>Angli</strong></span> <span class='ocrx_word' id='word_1_227' title='bbox 1279 3694 1383 3757; x_wconf 87' lang='lat' dir='ltr'><strong>usqua</strong></span> <span class='ocrx_word' id='word_1_228' title='bbox 1420 3672 1462 3737; x_wconf 90' lang='lat' dir='ltr'><strong>ad</strong></span> 
     </span>
     <span class='ocr_line' id='line_1_29' title="bbox 410 3771 1462 3860; baseline 0.005 -26"><span class='ocrx_word' id='word_1_229' title='bbox 410 3776 562 3835; x_wconf 86' lang='lat' dir='ltr'><strong>sanetum</strong></span> <span class='ocrx_word' id='word_1_230' title='bbox 594 3771 823 3858; x_wconf 83' lang='lat' dir='ltr'><strong>Oynerinum⁴</strong></span> <span class='ocrx_word' id='word_1_231' title='bbox 852 3778 892 3837; x_wconf 93' lang='lat' dir='ltr'><strong>ut</strong></span> <span class='ocrx_word' id='word_1_232' title='bbox 918 3772 1013 3837; x_wconf 89' lang='lat' dir='ltr'><strong>illum</strong></span> <span class='ocrx_word' id='word_1_233' title='bbox 1041 3773 1293 3860; x_wconf 79' lang='lat' dir='ltr'><strong>expugnarent,⁵</strong></span> <span class='ocrx_word' id='word_1_234' title='bbox 1316 3796 1353 3840; x_wconf 84' lang='lat' dir='ltr'><strong>ae</strong></span> <span class='ocrx_word' id='word_1_235' title='bbox 1375 3774 1462 3839; x_wconf 82' lang='lat' dir='ltr'><strong>eires</strong></span> 
     </span>
     <span class='ocr_line' id='line_1_30' title="bbox 364 3872 1462 3960; baseline 0.009 -29"><span class='ocrx_word' id='word_1_236' title='bbox 364 3923 369 3931; x_wconf 82' lang='lat'><em>.</em></span> <span class='ocrx_word' id='word_1_237' title='bbox 410 3872 567 3936; x_wconf 80' lang='lat' dir='ltr'><strong>continuo</strong></span> <span class='ocrx_word' id='word_1_238' title='bbox 607 3872 770 3938; x_wconf 87' lang='lat' dir='ltr'><strong>dederunt</strong></span> <span class='ocrx_word' id='word_1_239' title='bbox 801 3894 845 3950; x_wconf 89' lang='lat' dir='ltr'><strong>se,</strong></span> <span class='ocrx_word' id='word_1_240' title='bbox 879 3878 916 3937; x_wconf 89' lang='lat' dir='ltr'><strong>et</strong></span> <span class='ocrx_word' id='word_1_241' title='bbox 950 3873 1075 3959; x_wconf 85' lang='lat' dir='ltr'><strong>regales</strong></span> <span class='ocrx_word' id='word_1_242' title='bbox 1109 3873 1257 3940; x_wconf 83' lang='lat' dir='ltr'><strong>Franoiae</strong></span> <span class='ocrx_word' id='word_1_243' title='bbox 1291 3896 1333 3939; x_wconf 87' lang='lat' dir='ltr'><strong>ex</strong></span> <span class='ocrx_word' id='word_1_244' title='bbox 1366 3879 1462 3960; x_wconf 89' lang='lat' dir='ltr'><strong>paeto</strong></span> 
     </span>
     <span class='ocr_line' id='line_1_31' title="bbox 410 3973 1461 4061; baseline 0.004 -25"><span class='ocrx_word' id='word_1_245' title='bbox 410 3978 631 4054; x_wconf 83' lang='lat' dir='ltr'><strong>recesserunt;</strong></span> <span class='ocrx_word' id='word_1_246' title='bbox 669 3973 728 4038; x_wconf 90' lang='lat' dir='ltr'><strong>ubi</strong></span> <span class='ocrx_word' id='word_1_247' title='bbox 766 3975 937 4060; x_wconf 84' lang='lat' dir='ltr'><strong>assignato</strong></span> <span class='ocrx_word' id='word_1_248' title='bbox 975 3976 1111 4040; x_wconf 85' lang='lat' dir='ltr'><strong>custode</strong></span> <span class='ocrx_word' id='word_1_249' title='bbox 1145 3975 1278 4039; x_wconf 81' lang='lat' dir='ltr'><strong>domino</strong></span> <span class='ocrx_word' id='word_1_250' title='bbox 1320 3975 1461 4061; x_wconf 82' lang='lat' dir='ltr'><strong>Hugone</strong></span> 
     </span>
     <span class='ocr_line' id='line_1_32' title="bbox 240 4075 1460 4163; baseline 0.009 -30"><span class='ocrx_word' id='word_1_251' title='bbox 240 4082 365 4134; x_wconf 75' lang='lat' dir='ltr'><strong>Sittena</strong></span> <span class='ocrx_word' id='word_1_252' title='bbox 411 4075 452 4141; x_wconf 88' lang='lat' dir='ltr'><strong>de</strong></span> <span class='ocrx_word' id='word_1_253' title='bbox 486 4075 553 4141; x_wconf 89' lang='lat' dir='ltr'><strong>Ver</strong></span> <span class='ocrx_word' id='word_1_254' title='bbox 590 4097 665 4141; x_wconf 87' lang='lat' dir='ltr'><strong>ourn</strong></span> <span class='ocrx_word' id='word_1_255' title='bbox 697 4097 740 4141; x_wconf 84' lang='lat' dir='ltr'><strong>ce.</strong></span> <span class='ocrx_word' id='word_1_256' title='bbox 775 4078 984 4162; x_wconf 86' lang='lat' dir='ltr'><strong>equestribus</strong></span> <span class='ocrx_word' id='word_1_257' title='bbox 1022 4082 1057 4141; x_wconf 89' lang='lat' dir='ltr'><strong>et</strong></span> <span class='ocrx_word' id='word_1_258' title='bbox 1094 4076 1209 4143; x_wconf 88' lang='lat' dir='ltr'><strong>multis</strong></span> <span class='ocrx_word' id='word_1_259' title='bbox 1246 4077 1460 4163; x_wconf 87' lang='lat' dir='ltr'><strong>pedestribus,</strong></span> 
     </span>
    </p>
   </div>
   <div class='ocr_carea' id='block_1_3' title="bbox 238 4148 1462 4268">
    <p class='ocr_par' dir='ltr' id='par_1_3' title="bbox 238 4148 1462 4268">
     <span class='ocr_line' id='line_1_33' title="bbox 238 4148 1462 4268; baseline -0.001 -24"><span class='ocrx_word' id='word_1_260' title='bbox 238 4148 387 4268; x_wconf 42' lang='lat' dir='ltr'><strong>,lfflssnat</strong></span> <span class='ocrx_word' id='word_1_261' title='bbox 411 4197 561 4242; x_wconf 89' lang='lat' dir='ltr'><strong>reversus</strong></span> <span class='ocrx_word' id='word_1_262' title='bbox 584 4182 635 4241; x_wconf 88' lang='lat' dir='ltr'><strong>est</strong></span> <span class='ocrx_word' id='word_1_263' title='bbox 670 4176 849 4263; x_wconf 83' lang='lat' dir='ltr'><strong>praediotus</strong></span> <span class='ocrx_word' id='word_1_264' title='bbox 884 4177 1038 4242; x_wconf 89' lang='lat' dir='ltr'><strong>dominus</strong></span> <span class='ocrx_word' id='word_1_265' title='bbox 1070 4176 1240 4241; x_wconf 85' lang='lat' dir='ltr'><strong>Johannes</strong></span> <span class='ocrx_word' id='word_1_266' title='bbox 1274 4178 1315 4242; x_wconf 91' lang='lat' dir='ltr'><strong>de</strong></span> <span class='ocrx_word' id='word_1_267' title='bbox 1349 4184 1462 4244; x_wconf 88' lang='lat' dir='ltr'><strong>saneto</strong></span> 
     </span>
    </p>
   </div>
   <div class='ocr_carea' id='block_1_4' title="bbox 239 4281 371 4347">
    <p class='ocr_par' dir='ltr' id='par_1_4' title="bbox 239 4281 371 4347">
     <span class='ocr_line' id='line_1_34' title="bbox 239 4281 371 4347; baseline 0.045 -17"><span class='ocrx_word' id='word_1_268' title='bbox 239 4281 371 4347; x_wconf 80' lang='lat' dir='ltr'><strong>Bayonne.</strong></span> 
     </span>
    </p>
   </div>
   <div class='ocr_carea' id='block_1_5' title="bbox 406 4428 1463 4648">
    <p class='ocr_par' dir='ltr' id='par_1_5' title="bbox 406 4428 1463 4648">
     <span class='ocr_line' id='line_1_35' title="bbox 442 4428 1463 4495; baseline 0.002 -16"><span class='ocrx_word' id='word_1_269' title='bbox 442 4429 603 4487; x_wconf 56' lang='lat' dir='ltr'><strong>wemma,</strong></span> <span class='ocrx_word' id='word_1_270' title='bbox 615 4429 688 4478; x_wconf 81' lang='lat' dir='ltr'>MSS.</span> <span class='ocrx_word' id='word_1_271' title='bbox 876 4488 880 4493; x_wconf 94' lang='lat'>.</span> <span class='ocrx_word' id='word_1_272' title='bbox 996 4428 1186 4492; x_wconf 76' lang='lat' dir='ltr'><strong>⁴Synerinum,</strong></span> <span class='ocrx_word' id='word_1_273' title='bbox 1197 4430 1252 4479; x_wconf 84' lang='lat' dir='ltr'><strong>MS.</strong></span> <span class='ocrx_word' id='word_1_274' title='bbox 1287 4430 1463 4495; x_wconf 82' lang='lat' dir='ltr'><strong>ltmaybeS.</strong></span> 
     </span>
     <span class='ocr_line' id='line_1_36' title="bbox 439 4504 1462 4572; baseline 0.002 -15"><span class='ocrx_word' id='word_1_275' title='bbox 439 4506 536 4558; x_wconf 83' lang='lat' dir='ltr'><strong>¹Here</strong></span> <span class='ocrx_word' id='word_1_276' title='bbox 549 4508 655 4556; x_wconf 87' lang='lat' dir='ltr'><strong>onboth</strong></span> <span class='ocrx_word' id='word_1_277' title='bbox 674 4504 910 4572; x_wconf 79' lang='lat' dir='ltr'><strong>marginsisCires</strong></span> <span class='ocrx_word' id='word_1_278' title='bbox 966 4507 1059 4557; x_wconf 66' lang='lat' dir='ltr'><strong>Surdni</strong></span> <span class='ocrx_word' id='word_1_279' title='bbox 1086 4508 1142 4558; x_wconf 83' lang='lat' dir='ltr'><strong>that</strong></span> <span class='ocrx_word' id='word_1_280' title='bbox 1170 4508 1191 4558; x_wconf 90' lang='lat' dir='ltr'><strong>is</strong></span> <span class='ocrx_word' id='word_1_281' title='bbox 1219 4509 1347 4570; x_wconf 86' lang='lat' dir='ltr'><strong>intended,</strong></span> <span class='ocrx_word' id='word_1_282' title='bbox 1376 4524 1406 4561; x_wconf 89' lang='lat' dir='ltr'><strong>or</strong></span> <span class='ocrx_word' id='word_1_283' title='bbox 1434 4512 1462 4561; x_wconf 84' lang='lat' dir='ltr'><strong>S.</strong></span> 
     </span>
     <span class='ocr_line' id='line_1_37' title="bbox 406 4584 1050 4648; baseline -0.003 -11"><span class='ocrx_word' id='word_1_284' title='bbox 406 4586 438 4637; x_wconf 76' lang='lat' dir='ltr'><strong>dr</strong></span> <span class='ocrx_word' id='word_1_285' title='bbox 449 4587 574 4648; x_wconf 67' lang='lat' dir='ltr'><strong>Boreum</strong></span> <span class='ocrx_word' id='word_1_286' title='bbox 592 4584 756 4635; x_wconf 68' lang='lat' dir='ltr'><strong>reddiderant</strong></span> <span class='ocrx_word' id='word_1_287' title='bbox 766 4601 794 4634; x_wconf 77' lang='lat' dir='ltr'><strong>ae</strong></span> <span class='ocrx_word' id='word_1_288' title='bbox 810 4590 834 4634; x_wconf 83' lang='lat' dir='ltr'><strong>et</strong></span> <span class='ocrx_word' id='word_1_289' title='bbox 845 4586 909 4635; x_wconf 84' lang='lat' dir='ltr'><strong>ciui·</strong></span> <span class='ocrx_word' id='word_1_290' title='bbox 965 4585 1050 4635; x_wconf 82' lang='lat' dir='ltr'><strong>Seuer.</strong></span> 
     </span>
    </p>
   </div>
   <div class='ocr_carea' id='block_1_6' title="bbox 405 4662 1269 4801">
    <p class='ocr_par' dir='ltr' id='par_1_6' title="bbox 405 4662 1269 4801">
     <span class='ocr_line' id='line_1_38' title="bbox 405 4662 1269 4730; baseline 0.002 -16"><span class='ocrx_word' id='word_1_291' title='bbox 405 4670 480 4715; x_wconf 80' lang='lat' dir='ltr'><strong>tutem</strong></span> <span class='ocrx_word' id='word_1_292' title='bbox 493 4664 546 4728; x_wconf 67' lang='lat' dir='ltr'><strong>rapi</strong></span> <span class='ocrx_word' id='word_1_293' title='bbox 556 4662 694 4712; x_wconf 75' lang='lat' dir='ltr'><strong>Eduardo.</strong></span> <span class='ocrx_word' id='word_1_294' title='bbox 995 4664 1005 4695; x_wconf 81' lang='lat'>⁵</span> <span class='ocrx_word' id='word_1_295' title='bbox 1021 4672 1184 4730; x_wconf 75' lang='lat' dir='ltr'><strong>erpupnuret,</strong></span> <span class='ocrx_word' id='word_1_296' title='bbox 1196 4666 1269 4716; x_wconf 85' lang='lat' dir='ltr'>MSS.</span> 
     </span>
     <span class='ocr_line' id='line_1_39' title="bbox 436 4742 622 4801; baseline -0.011 -9"><span class='ocrx_word' id='word_1_297' title='bbox 436 4742 447 4775; x_wconf 80' lang='lat'><strong>³</strong></span> <span class='ocrx_word' id='word_1_298' title='bbox 464 4742 538 4801; x_wconf 79' lang='lat' dir='ltr'><strong>losse,</strong></span> <span class='ocrx_word' id='word_1_299' title='bbox 549 4742 622 4791; x_wconf 83' lang='lat' dir='ltr'>MSS.</span> 
     </span>
    </p>
   </div>
   <div class='ocr_carea' id='block_1_7' title="bbox 0 0 1832 5784">
    <p class='ocr_par' dir='ltr' id='par_1_7' title="bbox 0 0 1832 5784">
     <span class='ocr_line' id='line_1_40' title="bbox 0 0 1832 5784; baseline 0 0"><span class='ocrx_word' id='word_1_300' title='bbox 0 0 1832 5784; x_wconf 95' lang='lat' dir='ltr'><strong> </strong></span> 
     </span>
    </p>
   </div>
  </div>
 </body>
</html>
