3625 5784
422 890 489 953 340
761 901 909 952 numm
932 902 1117 953 nummos

423 1088 518 1165 saria
550 1110 668 1175 rogans
690 1092 731 1153 ut
753 1088 866 1155 oblata
887 1088 1072 1173 reciperent
1094 1108 1154 1175 pro
1174 1085 1272 1153 libito
1288 1085 1475 1153 voluntatis

423 1212 513 1257 suae:
534 1192 678 1279 datoque
711 1212 793 1255 sano
824 1197 859 1257 et
898 1191 991 1256 salvo
1031 1189 1199 1255 conductu
1237 1188 1411 1255 confestim
1442 1188 1484 1253 ad

426 1294 560 1379 propria
589 1294 713 1359 reversi
742 1298 830 1370 sunt,
862 1294 933 1379 regi
964 1291 1161 1356 nunciantes
1197 1290 1269 1355 visa
1300 1295 1334 1355 et
1360 1290 1485 1357 audita·

429 1395 507 1460 Hiis
538 1396 663 1460 auditis
693 1416 773 1460 mox
794 1416 856 1460 rex
887 1394 1079 1461 Edwardus
1113 1393 1312 1478 quingentos
1342 1398 1486 1457 armatos

259 1520 386 1583 nnumy
431 1503 466 1563 et
510 1518 568 1565 xx.
605 1497 711 1561 millia
747 1496 899 1583 peditum
939 1495 1055 1561 misit2
1093 1495 1131 1559 in
1168 1494 1365 1561 Vasconiam
1410 1515 1485 1560 oum

259 1592 361 1703 ⁸G⁰¹¹n2
434 1598 568 1663 domino
601 1597 756 1663 Johanne
791 1598 856 1663 de³
889 1603 1006 1665 sancto
1044 1596 1205 1673 Johanne,
1244 1597 1302 1681 qui
1339 1596 1487 1680 ejusdem

285 1667 344 1703 ΜΟ
361 1666 387 1716 y.
433 1707 532 1766 terrae
558 1700 638 1765 olim
668 1699 890 1765 seneschallus
918 1700 1087 1775 extiterat,
1109 1704 1145 1763 et
1175 1720 1249 1763 cum
1272 1698 1406 1763 domino
1428 1698 1485 1763 lo·

431 1800 544 1867 hanna
579 1801 621 1867 de
651 1801 811 1879 Britania,
847 1806 882 1866 et
918 1801 976 1867 illo
1008 1801 1114 1865 milite
1144 1798 1371 1865 strenuissimo
1405 1798 1485 1863 Wil-

431 1902 529 1968 lelmo
567 1902 766 1989 Latymere⁴
809 1904 868 1988 qui
915 1903 1004 1989 apud
1039 1900 1297 1967 Portesmowthe
1332 1901 1484 1965 omnibus

431 2004 475 2069 ad
512 2006 758 2089 expeditionem
796 2010 927 2070 tantam
965 2004 1154 2071 necessariis
1188 2004 1382 2089 praeparatis
1427 2026 1483 2089 po·

431 2111 574 2170 suerunt
619 2128 653 2171 se
690 2106 728 2171 in
764 2107 850 2172 man'
896 2107 983 2173 circa
1020 2106 1141 2171 festum
1182 2106 1273 2171 beati
1311 2105 1402 2171 Petri
1439 2106 1582 2171 adTvrt
1596 2112 1649 2161 00¹·

431 2206 590 2287 vincula;
620 2213 655 2273 et
691 2207 839 2273 irruente
876 2212 979 2273 vento
1010 2207 1176 2273 contrario
1208 2207 1363 2292 dispersae
1401 2212 1481 2273 sunt
1495 2178 1570 2225 ²⁴⁹&

432 2328 535 2373 naves
565 2330 624 2394 per
653 2314 765 2395 partes
799 2308 986 2388 (lomubiae,
1010 2310 1196 2394 iterumque
1219 2308 1363 2375 collectae
1393 2312 1483 2395 apud

433 2410 633 2496 Plumeneye
671 2412 758 2477 circa
794 2410 921 2476 festum
953 2410 1046 2477 beati
1085 2411 1240 2495 Dionysii
1263 2410 1373 2475 ventis
1407 2412 1482 2476 vela

430 2514 554 2577 iterum
577 2512 781 2590 relaxabant,
804 2517 927 2597 etpost
952 2512 1059 2577 multa
1073 2513 1231 2597 variaque
1247 2518 1481 2598 tempestatum

432 2614 623 2680 discrimina
652 2614 789 2679 tandem
811 2614 899 2680 circa
924 2613 1051 2679 festum
1082 2614 1305 2700 apostolorum
1337 2614 1481 2679 Simonis

432 2721 467 2781 et
504 2715 602 2780 Judae
631 2716 866 2801 applicuerunt
903 2716 941 2779 in
973 2716 1137 2781 Vasconia
1170 2717 1260 2802 apud
1290 2716 1456 2782 Castellon

432 2838 506 2903 quae
529 2818 675 2882 situatur
697 2819 734 2881 in
763 2817 861 2883 litore
884 2818 1034 2883 fluminis
1065 2818 1105 2883 de
1137 2818 1300 2895 Gerundc,
1324 2819 1480 2905 deditque

431 2940 466 2984 se
505 2920 552 2984 eis
585 2924 620 2985 et
656 2920 726 3005 regi
760 2919 892 3006 Angliae
933 2918 1086 2984 dominus
1117 2920 1210 2985 urbis
1240 2920 1338 2998 illius,
1369 2925 1405 2985 et
1427 2941 1481 2985 eos

430 3040 506 3086 cum
544 3020 665 3086 laetitia
701 3041 824 3106 magna
860 3022 1008 3107 suscepit
1047 3025 1082 3086 et
1126 3022 1268 3108 benigne
1315 3022 1480 3087 tractavit

430 3120 636 3207 Profectique
653 3126 732 3186 sunt
753 3122 833 3187 inde
847 3143 953 3207 usque
978 3121 1179 3200 Makanter‚⁶
1201 3128 1236 3187 et
1258 3122 1421 3189 dederunt
1446 3144 1480 3187 se

430 3224 518 3289 cives
552 3226 589 3288 in
618 3224 735 3310 vigilia
765 3224 914 3289 omnium
945 3224 1149 3289 Sanctorum.
1195 3225 1239 3289 Et
1269 3226 1307 3289 in
1336 3224 1480 3291 crastino

274 3308 332 3424 eun·
430 3324 694 3391 anchoraverunt
716 3348 790 3390 cum
814 3331 888 3391 tota
919 3326 1025 3391 classe
1059 3332 1137 3391 ante
1171 3324 1348 3412 Burgum⁷
1382 3348 1479 3412 super

295 3443 313 3489 u
430 3448 529 3504 mare,
554 3428 612 3511 qui
645 3426 832 3512 antiquitus
865 3426 1040 3493 dicebatur
1074 3428 1170 3493 Mons
1203 3428 1334 3493 Albani.
1380 3427 1478 3495 Cives

426 3532 541 3592 autem
567 3549 602 3593 se
636 3528 714 3593 dare
745 3528 912 3607 volebant,
947 3530 1004 3594 sed
1036 3529 1201 3595 timebant
1233 3528 1386 3595 Picardos
1420 3530 1478 3613 qui

426 3634 522 3693 erant
544 3630 582 3693 in
603 3628 758 3715 praesidio
780 3630 938 3696 civitatis.
985 3630 1136 3715 Cumque
1158 3631 1322 3695 vidissent
1346 3629 1475 3696 Picardi

425 3729 515 3815 quod
548 3730 637 3795 cives
674 3752 709 3795 se
740 3732 819 3796 darc
853 3730 986 3808 vellent,
1028 3732 1183 3797 exierunt
1216 3732 1258 3797 de
1289 3736 1405 3809 castro
1443 3736 1477 3796 et

424 3831 584 3917 plurimos
599 3838 818 3918 peremerunt,
833 3833 1061 3917 miseruntque
1076 3834 1166 3899 cives
1181 3834 1225 3899 ad
1240 3834 1366 3921 Anglos
1389 3854 1476 3898 nun-

252 3956 393 4009 Aoonnict
424 3934 550 3999 ciantcs
580 3934 659 4014 haec,
683 3940 718 3999 et
751 3956 864 3999 eorum
887 3934 1055 3999 auxilium
1093 3940 1308 4021 exposcentes
1345 3936 1404 4021 qui
1441 3934 1477 3999 in

251 4024 369 4076 wittone
425 4054 539 4098 eorum
561 4034 726 4099 auxilium
749 4034 922 4100 confestim
946 4034 1175 4112 ascenderunt,
1201 4041 1236 4101 et
1265 4040 1478 4103 retraxerunt

250 4089 355 4142 Picmds
366 4102 394 4145 at
644 4138 652 4153 ,
972 4136 979 4151 ,

251 4157 346 4223 Bourg.
421 4160 457 4203 se
485 4139 613 4226 regales
643 4160 679 4201 1n
708 4143 861 4216 castrum,
887 4142 923 4202 et
952 4157 1043 4202 cives
1070 4157 1104 4201 ss
1142 4136 1313 4203 dederunt
1377 4138 1474 4205 Mane

453 4438 461 4470 ¹
479 4437 564 4505 solvo]
585 4452 685 4499 sonan
701 4438 798 4488 second
815 4436 876 4488 time
895 4436 921 4486 in
1003 4436 1014 4467 ⁴
1031 4436 1171 4500 Laterum,
1182 4438 1238 4489 MS.

417 4516 473 4567 MS,
1002 4516 1013 4549 ⁸
1031 4516 1072 4566 ia.
1084 4516 1231 4568 Castclnau.

450 4594 462 4628 ¹
478 4594 546 4644 Here
557 4610 591 4645 on
610 4594 674 4645 both
693 4593 805 4660 margins
825 4592 847 4643 is
862 4592 921 4643 Rex
1003 4592 1013 4626 ⁸
1031 4594 1143 4659 Perhaps
1150 4596 1178 4645 S.
1187 4594 1337 4648 Maeaireis
1346 4597 1472 4661 intended,

417 4672 486 4720 misit
496 4672 634 4720 exercitum
646 4673 674 4721 ia
690 4671 852 4722 vasconiam.
968 4686 999 4722 οι·
1010 4672 1120 4735 Maean,
1132 4672 1214 4724 ulrich
1226 4673 1248 4724 lo
1260 4677 1339 4727 about
1352 4683 1383 4729 10
1398 4678 1471 4729 miles

447 4748 459 4782 ⁸
475 4748 508 4799 de
523 4755 612 4801 coacto
631 4750 769 4817 Jotanne]
788 4751 855 4803 imm
866 4752 918 4811 A.;
969 4752 1046 4803 north
1058 4753 1087 4803 ol
1098 4754 1242 4805 Boudeaux.

413 4842 465 4879 om.
476 4828 532 4877 MS.
1000 4830 1011 4870 ²
1029 4832 1069 4883 te.
1082 4834 1177 4898 Bourg.
