3625 5784
600 913 870 964 uurcusreunffls
893 911 1104 965 curorrcou.
1345 900 1388 971 57

330 1109 436 1181 sagitta
463 1107 578 1180 perdito
605 1108 643 1164 ed
669 1112 765 1181 pertee
789 1105 911 1163 Oeatriae
942 1106 1039 1163 victua
1074 1107 1178 1175 evaeit,
1201 1108 1252 1164 ubi
1286 1115 1388 1165 nancta

329 1197 547 1256 conversatione
569 1196 662 1254 vitam
684 1204 719 1253 ut
742 1196 871 1253 creditur
885 1197 1116 1254 anachoriticam
1141 1198 1173 1254 in
1189 1198 1264 1253 cella
1289 1199 1385 1255 sancti

331 1288 431 1344 Jaoobi
450 1287 537 1359 juxta
559 1287 710 1344 ecclesiam
733 1285 828 1344 sancti
846 1286 992 1342 Johannie
1014 1287 1138 1343 feliciter
1160 1287 1384 1344 consummavit.

158 1388 247 1452 Tm.
260 1389 307 1439 σοι.
375 1382 426 1446 De
448 1381 515 1446 iste
546 1379 701 1466 opinione
732 1379 793 1444 fiet
826 1377 971 1466 qualiter
1003 1379 1144 1466 poterit3
1184 1379 1247 1446 hoc
1277 1401 1383 1446 unum
1398 1395 1519 1448 narona

156 1461 235 1506 231³.

331 1483 405 1560 scio,
439 1482 528 1569 quod
562 1481 742 1548 tumulatio
780 1481 852 1568 ejus
891 1503 967 1547 cum
1005 1482 1150 1568 imagine
1173 1483 1383 1570 superposita
1398 1464 1526 1581 {ffffiff'

331 1585 367 1649 in
403 1583 539 1651 ccclesia
587 1583 755 1650 abbathiae
803 1583 844 1648 de
896 1582 1063 1649 Waltham
1112 1583 1226 1650 videre
1276 1585 1386 1653 adhuc
1401 1596 1542 1650 waltham.

332 1687 518 1753 volentibus
541 1686 738 1764 ostenditur,
760 1686 819 1752 ubi
842 1686 966 1752 dicitur
989 1687 1177 1753 Haraldum
1208 1687 1386 1755 humatum

332 1789 440 1856 fnisse.

751 2262 861 2348 [err.
886 2261 970 2348 Π]ι

191 2484 196 2494 -
334 2449 348 2488 ²
382 2452 542 2533 deynua
565 2479 671 2526 cornea¹
685 2459 861 2517 Merciorum
884 2465 915 2515 et
929 2460 1083 2516 Morkarua
1105 2479 1201 2518 comes
1224 2464 1385 2520 Nerthum·

442 2550 571 2617 brorum,
595 2550 719 2606 Haraldi
750 2555 843 2606 morte
868 2550 980 2616 credita,
1008 2551 1058 2622 qui
1082 2557 1201 2624 propter
1227 2552 1284 2609 loci
1315 2555 1386 2610 arti·

336 2636 467 2695 tudinem
490 2641 538 2696 rel
560 2639 616 2696 vire
639 2639 856 2711 longitudinem
872 2657 922 2694 sen
947 2640 1045 2712 potine
1060 2647 1179 2712 propter
1200 2633 1331 2713 epoliae³
1354 2643 1386 2698 in

334 2729 441 2785 Norico
463 2730 539 2785 bello
573 2728 672 2786 minue
705 2728 875 2785 distributae
898 2729 935 2784 ab
958 2729 1088 2784 Haraldo
1114 2748 1145 2785 ee
1172 2731 1385 2799 subtraxerant,

335 2817 498 2874 Londonias
536 2824 689 2884 venerunt,
722 2824 753 2874 et
790 2835 917 2874 sororem
955 2835 1038 2874 enam
1075 2818 1229 2889 Algitham
1263 2820 1387 2876 Hareldi

334 2925 453 2965 uxorem
475 2908 514 2964 ad
536 2908 638 2965 urbem
661 2908 809 2980 Legionis,
833 2907 865 2962 id
898 2913 953 2973 eet,
978 2907 1121 2962 Ceetriam
1152 2907 1385 2966 transmiserunt

333 2997 379 3053 Ac
401 3016 461 3054 una
482 3015 550 3054 curn
572 2997 702 3054 Aldredo
725 2997 900 3054 Eboracenei
926 2997 1060 3068 episcopo
1082 3001 1114 3052 et
1135 2996 1387 3054 Londonieneibua

334 3087 483 3158 Edgerum
505 3086 643 3160 Adelyug
664 3087 697 3142 in
720 3105 819 3159 regem
842 3086 956 3158 erigere
978 3091 1008 3142 et
1030 3104 1084 3158 pro
1110 3104 1145 3142 eo
1168 3103 1300 3158 pugnare
1321 3105 1386 3160 pro·

334 3177 487 3244 miseruut,
526 3177 579 3234 eed
614 3177 811 3234 invalescente
849 3175 994 3232 Willelmi
1030 3175 1136 3231 timore
1173 3194 1192 3231 a
1228 3176 1387 3248 proemieeia

334 3265 510 3334 resilierunt,
534 3267 612 3322 unde
644 3266 688 3320 hii
722 3285 822 3322 omnes
845 3283 913 3322 cum
936 3264 1050 3322 caeteris
1072 3263 1219 3321 nobilibus
1241 3267 1327 3337 regui
1349 3266 1387 3323 ad

335 3354 516 3411 willelmum
547 3355 698 3412 venientes
728 3355 805 3411 datie
837 3355 986 3411 obsidibus
1017 3372 1084 3411 cnm
1118 3354 1260 3412 fidelitate
1288 3354 1388 3429 jurata

336 3463 439 3500 manne
461 3445 489 3502 ei
512 3443 662 3501 dederunt.

377 3537 449 3604 Nec
480 3538 746 3625 praetercundum
777 3537 930 3616 arbitror,
953 3539 1042 3626 quod
1064 3539 1171 3624 prima
1193 3545 1288 3606 nocte
1311 3544 1480 3626 postv0ioe

333 3640 515 3727 ingressum
538 3640 696 3705 Willelmi
718 3641 755 3704 in
777 3645 899 3705 terrem
923 3640 1063 3727 Angliae,
1086 3641 1165 3706 dum
1192 3641 1321 3728 jaceret
1350 3643 1386 3707 in
1398 3621 1554 3739 ξζῆξδξῖοῃ

333 3741 522 3828 papilione,⁴
551 3743 646 3808 venit
671 3743 713 3806 ed
748 3763 824 3808 eum
847 3764 915 3807 vox
938 3741 1068 3819 (liceum
1107 3742 1279 3820 Willelme,
1303 3743 1385 3808 Wil-
1399 3754 1526 3831 thenigru

335 3843 437 3922 letne,
471 3849 542 3910 esto
572 3845 677 3910 bonus
711 3843 809 3909 homo
841 3845 922 3929 quia
951 3845 988 3908 in
1023 3845 1117 3930 regni
1152 3867 1270 3911 corona
1301 3819 1514 3954 pree-{m⁸

333 3945 467 4024 valebis,
490 3950 525 4012 et
546 3967 606 4011 rex
631 3945 760 4032 Angliee
795 3945 868 4023 eris,
891 3951 926 4010 et
959 3967 1035 4010 cum
1069 3945 1198 4012 hostem
1221 3946 1386 4014 deviceree

333 4046 384 4114 fac
411 4047 558 4114 construi
581 4047 749 4114 ecclesiam
772 4047 809 4111 in
832 4047 945 4113 eodem
976 4048 1047 4114 loco
1079 4048 1116 4112 in
1149 4049 1283 4116 nomine
1313 4072 1387 4116 meo

334 4153 384 4214 tot
414 4154 628 4216 centenorum
662 4149 784 4236 pedum
817 4148 854 4212 in
887 4147 1097 4236 longitudine
1120 4155 1203 4235 quot
1223 4172 1386 4219 annorum

334 4272 469 4317 numero
484 4272 597 4317 semen
619 4251 789 4338 aaugtrinie
804 4251 856 4315 tui
871 4251 966 4338 regni
982 4251 1113 4338 Angliee
1127 4254 1386 4338 gubemaculum

334 4352 514 4439 poeeidebit
545 4356 639 4418 etin
661 4351 784 4440 Anglia
815 4351 978 4439 regnabit.
1023 4351 1115 4416 'l'unc
1137 4355 1285 4439 perrexit
1305 4355 1386 4420 Wil-

367 4607 470 4659 ¹me
481 4607 514 4657 A.
548 4605 601 4657 Not
613 4605 719 4656 marked
729 4601 756 4655 in
768 4605 833 4666 MS„
917 4601 1051 4670 lupolina,
1073 4601 1111 4653 eic
1136 4603 1164 4654 in
1187 4603 1263 4658 Mes.
1309 4604 1385 4673 llige

332 4687 380 4738 but
395 4685 438 4738 the
454 4685 510 4736 flret
526 4692 577 4736 tvo
597 4685 679 4735 worda
690 4682 787 4734 written
806 4683 833 4733 in
883 4682 961 4733 habet
971 4683 1114 4733 manutius.

334 4767 404 4830 large
415 4765 559 4815 charactere
917 4761 929 4793 ⁴
944 4759 1078 4822 bertilione,
1089 4763 1147 4814 MS.

367 4844 377 4876 ²
394 4844 496 4896 Second
506 4843 580 4894 letter
592 4841 621 4893 ol
631 4841 771 4892 Hmricus.
