3625 5784
429 887 494 949 120
756 898 903 949 nsnmcr
927 895 1106 947 aaronica

429 1107 540 1172 vetula,
564 1105 663 1162 idest
685 1103 844 1162 Anselmus
859 1104 1023 1177 copuletur,
1046 1119 1099 1175 pro
1122 1090 1342 1174 disparilitate¹
1365 1101 1485 1156 trahen-

429 1196 507 1252 tium
541 1201 672 1251 aratrum
710 1195 840 1251 ecclcsiae
876 1212 937 1249 nou
967 1198 1047 1249 recte
1080 1191 1233 1248 incederet.
1283 1192 1485 1249 Veruntamen

431 1285 588 1342 Anselmus
617 1283 776 1342 investitur
808 1289 839 1341 et
870 1287 1060 1339 consecratur.
1107 1281 1166 1337 Sed
1199 1299 1250 1336 rex
1282 1281 1485 1337 convalescens

432 1374 514 1449 pejor
553 1392 642 1446 qnam
679 1379 748 1430 ante
785 1374 914 1430 effeetus
962 1371 1156 1428 Hortantibus
1194 1387 1261 1426 eum
1299 1370 1337 1426 ad
1373 1371 1485 1426 bonum

434 1464 536 1520 amicis
568 1463 638 1530 suis,
661 1463 836 1536 respondere
867 1462 988 1528 solebat,
1012 1461 1068 1518 Par
1089 1461 1206 1516 vultum
1237 1459 1273 1515 de
1296 1459 1377 1516 Luca
1409 1476 1484 1515 nun·

433 1572 521 1626 quam
544 1552 615 1609 dens
638 1572 685 1609 me
706 1553 826 1610 habebit
847 1553 957 1608 bonum
980 1568 1032 1623 pro
1055 1551 1132 1605 malo
1155 1549 1233 1622 quod
1259 1549 1334 1604 mihi
1364 1549 1483 1621 irrogat.

434 1643 567 1715 Denique
589 1661 640 1698 rex
662 1643 724 1715 ipse
758 1642 797 1698 ad
818 1639 1057 1712 congregandum
1078 1656 1178 1711 rapax,
1202 1638 1240 1694 ad
1273 1638 1484 1695 effundendum

433 1731 583 1805 prodigus,
617 1749 818 1805 quemcunque
847 1731 1004 1804 quicquam
1038 1727 1207 1785 offerentem
1239 1728 1356 1784 turbide
1389 1733 1484 1784 exter·

432 1822 494 1876 ruit
515 1821 575 1876 nisi
608 1821 756 1893 quantitas
778 1820 840 1876 dati
863 1838 923 1875 sum
957 1819 1126 1875 conveniret
1147 1819 1248 1874 manti.
1298 1817 1384 1874 Unde
1415 1835 1483 1874 cum

432 1912 533 1966 beatus
555 1909 713 1966 Anselmus
748 1911 789 1967 50.
813 1909 903 1966 libras
925 1907 989 1980 regi
1012 1908 1128 1964 offerret
1159 1925 1214 1964 nec
1236 1907 1299 1980 ipse
1330 1908 1481 1979 reciperet,

432 2000 592 2056 Anselmns
614 2017 661 2055 eas
683 1999 860 2072 pauperibus
883 1998 1042 2054 distribuit.

459 2094 461 2097 ’
479 2075 572 2160 Signa
593 2087 707 2144 diversa
732 2106 783 2161 per
805 2089 946 2159 Anglium
968 2087 1031 2143 visa
1053 2093 1129 2142 suut
1178 2087 1255 2142 Nam
1279 2091 1364 2142 terrm
1386 2089 1483 2142 motus

434 2177 578 2234 maximus
600 2178 678 2250 apud
713 2179 881 2250 Salopiam3
905 2182 936 2233 et
958 2177 1067 2232 flumen
1090 2177 1197 2233 nante
1220 2176 1299 2250 apud
1330 2176 1482 2246 Snotting·

433 2285 542 2338 gama
572 2285 658 2323 mane
681 2284 772 2340 usque
802 2267 838 2322 ad
871 2265 990 2322 tertium
1013 2267 1056 2322 ita
1077 2265 1256 2322 desiccatum
1287 2270 1341 2332 sat,
1364 2270 1399 2320 ut
1429 2264 1483 2320 ho·

433 2356 528 2412 mines
565 2358 641 2413 sicco
677 2357 751 2429 pede
784 2357 952 2413 transirent.
998 2356 1038 2411 Et
1075 2357 1160 2411 stella
1197 2360 1310 2411 comata
1348 2353 1484 2426 apparuit

433 2463 533 2501 mense
565 2445 650 2502 Junii
678 2464 731 2518 par
767 2451 827 2502 tres
864 2445 1068 2501 hebdomadas.
1114 2445 1196 2500 Tunc
1234 2461 1348 2517 quoque
1385 2442 1484 2498 extitit

433 2535 528 2590 hiems
558 2536 725 2608 asperrima,
764 2535 855 2591 fames
892 2533 1000 2601 valida,
1033 2534 1194 2590 mortalitas
1225 2534 1388 2598 hominum,
1420 2532 1483 2588 luas

433 2623 617 2691 animalium,
640 2631 809 2698 stragesque
831 2623 930 2680 avium
952 2629 1056 2679 mutuo
1078 2623 1319 2680 concertantium.

479 2714 625 2771 Henrions
669 2733 720 2770 rex
757 2715 921 2771 construxit
957 2713 1166 2769 monasterium
1202 2713 1239 2768 de
1276 2711 1365 2785 Hyda
1401 2716 1484 2768 extra

433 2822 532 2860 muros
561 2804 598 2860 de
619 2803 780 2877 Wyntouia
811 2803 889 2876 quod
922 2803 1004 2877 prius
1026 2801 1103 2858 infra
1134 2802 1235 2858 urbem
1269 2803 1372 2858 fuerat.
1420 2801 1483 2872 Quo

432 2911 510 2949 anno
548 2893 693 2950 Henricus
731 2900 851 2967 quartus
889 2893 1046 2966 imperator
1077 2891 1260 2948 Alamannia
1298 2890 1483 2964 desponsavit

433 2973 703 3040 Matildam‘filinm
726 2984 804 3055 regis
827 2981 949 3039 Hemici
972 2980 1050 3054 apud
1072 2979 1266 3053 Mogonciam.

479 3071 581 3129 Idibus
605 3073 738 3130 Octobris
760 3090 886 3144 magnus
905 3089 989 3143 aquas
1012 3069 1141 3126 defectus
1164 3087 1216 3142 per
1238 3069 1379 3141 Angiiam
1413 3089 1484 3127 oon·

433 3161 515 3233 tigit,
539 3161 583 3219 ita
604 3167 638 3218 ut
672 3163 751 3218 inter
779 3162 885 3218 turrim
917 3158 1077 3216 Londouiae
1109 3163 1138 3216 et
1172 3164 1292 3232 pontem
1326 3160 1482 3216 Thamisiae

434 3251 493 3306 init
515 3269 591 3324 aqua
612 3251 754 3308 vadabilis
777 3250 944 3307 hominibus
967 3247 1102 3321 etoquia
1125 3266 1177 3322 per
1200 3247 1278 3304 diem
1309 3249 1482 3308 naturalem.

434 3340 500 3395 Hoc
543 3359 620 3397 anno
658 3345 757 3396 coacto
794 3339 918 3396 concilio
955 3338 1033 3411 apud
1070 3337 1285 3412 Wyndusoram
1324 3338 1484 3394 destinavit

434 3428 580 3485 Hauricus
602 3447 653 3485 rex
676 3419 849 3486 Fericium²
871 3428 1006 3484 abbatem
1029 3417 1309 3484 Habindonensem³
1331 3427 1483 3484 adsedem

433 3515 683 3584 Oantuarieusem‚
707 3518 758 3574 sed
787 3518 914 3591 pondere
935 3515 1050 3588 negotii
1071 3517 1110 3573 ad
1131 3535 1252 3574 eramen
1282 3515 1482 3590 episcoporum

433 3606 581 3674 devoluto,
605 3607 662 3678 ipsi
696 3608 890 3680 praetulerunt
922 3606 1093 3674 liudulfum,
1126 3605 1291 3662 Rofl'enaem
1315 3612 1388 3664 tuno
1421 3607 1483 3680 spi·

433 3713 566 3768 scopum.
612 3697 655 3752 Eo
678 3715 793 3769 quoqne
826 3715 903 3752 auno
927 3697 1108 3752 Thurstanns
1130 3696 1249 3768 quidam
1272 3696 1304 3751 in
1338 3696 1482 3768 archiepi-

433 3803 555 3858 scopum
578 3785 788 3842 Eboracensem
822 3790 867 3842 est
888 3787 1003 3842 electus
1054 3785 1110 3857 Qui
1134 3785 1204 3841 licet
1235 3803 1253 3840 a
1275 3803 1343 3856 rege
1375 3785 1483 3858 asapius

432 3880 508 3930 essct
529 3875 677 3930 amonitus
698 3879 732 3930 ut
763 3874 973 3948 subjectionem
996 3875 1166 3932 canonicam
1198 3875 1305 3931 faceret
1328 3874 1483 3947 liudulpho

432 3963 646 4032 Oantuariensi,
677 3965 776 4038 potius
804 3964 895 4037 elegit
928 3963 1067 4037 dignitati
1101 3964 1202 4021 cedere
1233 3981 1321 4036 qnam
1352 3963 1483 4022 Gantua·

430 4053 522 4110 riensi
555 4054 679 4112 obedire.
724 4055 767 4111 At
789 4054 861 4110 dum
891 4054 1024 4127 privatus
1059 4053 1174 4110 cederat
1211 4053 1306 4110 solitis
1337 4053 1482 4126 obsequiis

431 4142 600 4212 destitutus,
624 4161 702 4216 regar
736 4145 798 4217 ipoe
820 4143 980 4200 ambitione
1002 4143 1073 4200 facti
1095 4143 1247 4216 poenituit,
1269 4160 1370 4216 regem
1403 4145 1482 4200 ultra

430 4250 511 4289 mare
548 4239 687 4306 sequutus
724 4239 779 4302 est,
817 4234 869 4290 nbi
901 4251 978 4306 papa
1015 4233 1163 4290 Paschalis
1194 4233 1418 4305 procurantibus
1451 4233 1483 4290 id

430 4321 544 4378 clericis
582 4321 734 4379 Thurstini
770 4323 924 4396 epistolam
961 4323 1025 4395 regi
1057 4321 1165 4378 direxit
1201 4339 1255 4395 pro
1295 4321 1482 4380 restitutione

430 4411 594 4468 'l'bnrstini
641 4412 697 4484 Qui
735 4430 803 4470 oum
840 4413 879 4469 ad
909 4411 1007 4469 sudem
1041 4411 1251 4469 Eboracensem
1285 4411 1417 4481 redisset,
1451 4417 1483 4470 et

462 4655 742 4724 mantuanus.
1011 4657 1294 4726 mosomum.

462 4733 473 4767 ²
489 4733 627 4797 rossum,
639 4734 717 4802 aiga.
