3625 5784
614 867 884 918 nnrcasrnarsrs
906 868 1117 919 csaorrcon.
1336 851 1400 922 375

346 1054 433 1139 cepit
447 1075 547 1140 super
561 1053 623 1120 hoe
639 1056 835 1122 veritatem'
826 1057 959 1141 inquiri.
999 1056 1143 1137 Quit
1081 1055 1143 1120 fest
1144 1056 1267 1121 inando
1282 1076 1398 1121 aonvo-
1411 1061 1477 1112 from
1488 1063 1566 1114 Flan-

346 1153 418 1219 lens
442 1156 572 1220 invenit
602 1157 852 1221 multitudinem
877 1157 1051 1222 Scotorum
1075 1157 1315 1245 conglobatam,
1344 1130 1544 1258 ⁰¹1¹ilep0rtt⁰0n

346 1257 497 1322 resistere
512 1279 580 1322 uon
595 1259 750 1323 audebat
796 1259 840 1323 Et
855 1281 1007 1324 reversus
1022 1260 1065 1324 ad
1081 1281 1192 1347 regem
1214 1260 1327 1324 omnia
1340 1281 1400 1345 per
1411 1260 1504 1311 moach

345 1359 493 1424 ordinem
508 1360 701 1440 nunciavit3
724 1382 783 1425 rex
800 1383 879 1426 vero
902 1361 961 1424 inl
976 1362 1136 1427 Flandria
1157 1361 1252 1446 quasi
1274 1325 1503 1426 aeeine-affiim'

345 1459 423 1525 tus2
444 1461 487 1524 ad
522 1462 587 1526 iter
617 1461 858 1526 transfretandi
882 1464 1087 1549 propositum
1118 1468 1249 1528 mutare
1282 1464 1399 1540 noluit,

345 1563 403 1626 sed
426 1584 556 1636 omnem
585 1564 741 1628 militiam
773 1565 988 1632 Eboraeensis
1012 1565 1189 1631 eoiiaitatus
1222 1587 1244 1630 a
1274 1565 1398 1631 Trenta

346 1685 449 1750 usque
480 1665 515 1729 in
546 1665 733 1731 Seotiam
723 1667 786 1752 rpsi
817 1667 930 1731 comiti
953 1667 994 1731 de
1017 1666 1184 1732 Warenna
1216 1668 1397 1755 assignans,

345 1768 557 1852 praecepitut
517 1767 745 1833 utSeotorum
761 1767 957 1834 audaciam³
979 1767 1168 1833 festinando
1191 1768 1395 1853 reprimeret,
1409 1785 1519 1834 Edemd

345 1873 379 1932 et
416 1874 565 1934 auctores
602 1870 682 1934 mali
717 1869 831 1935 debita
858 1869 994 1954 justitia
1024 1870 1212 1958 castigaret.
1255 1849 1534 1969 Remisitssffiff

305 1999 309 2005 ·
344 1971 478 2035 etiam
468 1992 505 2034 ιιι
527 1975 650 2036 terram
675 1971 794 2036 Seotiae
816 1892 932 2036 auibus
955 1971 1029 2036 illos
1051 1972 1188 2036 comites
1210 1971 1396 2036 Johannem
1408 1999 1487 2034 reme
1497 1991 1526 2034 to

347 2071 395 2145 de
411 2072 641 2160 Badenough4
675 2079 709 2136 et
731 2072 920 2138 Iohannem
952 2074 994 2137 de
1025 2073 1179 2160 Bughun,
1201 2073 1397 2159 praecipiens
1407 2052 1562 2181 gffiffie

345 2174 391 2238 eis
414 2175 450 2238 in
473 2175 537 2239 fide
560 2195 621 2239 sua
643 2180 683 2238 ut
706 2175 885 2239 tumultum
911 2174 1025 2260 populi
1048 2175 1204 2239 sedarent
1225 2180 1260 2239 et
1285 2196 1396 2239 mane·
1386 2183 1489 2232 -s-Scot

346 2276 460 2340 rent
451 2298 486 2340 ιιι
517 2275 679 2341 fidelitate
702 2276 870 2361 promissa
920 2275 1069 2356 Quorum
1092 2275 1149 2340 ille
1179 2277 1221 2340 de
1251 2276 1396 2364 Bughun

344 2376 485 2441 eolorem
517 2378 624 2463 primo
656 2376 817 2442 simulans
848 2377 950 2463 eoepit
981 2378 1159 2463 reprimere
1190 2377 1399 2462 quorundam

344 2477 526 2556 andenam,
549 2479 606 2544 sed
629 2483 743 2544 tamen
766 2479 801 2543 in
823 2478 889 2542 fine
912 2479 1022 2543 faetus
1044 2484 1097 2543 est
1125 2478 1221 2542 nobis
1251 2478 1292 2542 de
1322 2499 1400 2543 eon·

344 2601 655 2666 versoperversua
700 2581 799 2646 Alter
830 2601 911 2645 vero
938 2581 979 2645 de
1004 2579 1234 2667 Βιιιίιιιιοιιςὶι5
1259 2601 1394 2645 suorum

345 2682 471 2746 animos
501 2693 644 2747 mutare-
661 2703 729 2746 non
752 2683 867 2746 valens
889 2682 1013 2746 mansit
1035 2703 1110 2747 eum
1132 2682 1257 2746 nestris
1279 2680 1397 2746 saltem

346 2805 421 2848 eum
444 2805 586 2870 empore.
633 2783 751 2849 Comes
782 2805 862 2849 vero
888 2784 930 2848 de
962 2783 1141 2862 Warenna,
1164 2785 1205 2848 de
1237 2783 1397 2848 comitatu

345 2883 542 2952 Eboraeensi
581 2886 762 2951 exereitum
797 2905 1009 2972 congregans,
1046 2885 1208 2970 praemisit
1245 2889 1325 2948 ante
1361 2905 1396 2948 se

345 2992 522 3075 cognatum
555 3009 652 3052 suum
688 2987 859 3051 dominum
901 2987 1085 3052 Henrieum
1119 2987 1160 3051 de
1192 2986 1306 3072 Perey‚
1337 2985 1396 3070 qui
1409 2997 1550 3064 Sirflonry

344 3095 540 3176 congregato
586 3089 733 3155 exercitu
791 3088 967 3156 comitatus
1013 3088 1229 3153 Karliolensis
1275 3086 1396 3152 vallem
1407 3066 1535 3183 ζξξζξῖ

325 3191 508 3256 ·Anandiae
539 3192 706 3278 ingressus
741 3196 793 3255 est
827 3211 902 3256 eum
925 3191 1083 3256 trecentis
1113 3189 1251 3254 armatis
1283 3194 1318 3254 et
1349 3189 1394 3254 xl.
1408 3199 1484 3248 ward.

344 3292 492 3357 millibus
525 3293 675 3378 peditum
708 3291 886 3358 electorum
921 3292 1009 3356 eirea
1041 3290 1105 3356 fest
1091 3295 1163 3355 tum
1196 3290 1286 3355 beati
1310 3290 1396 3355 Lau-

345 3393 446 3458 rentii
483 3393 641 3476 martyris
642 3391 852 3478 .Cumque
886 3395 1136 3477 pernoctassent
1166 3398 1242 3456 nost
1242 3393 1273 3456 ri
1306 3391 1396 3477 apud

345 3495 582 3582 Loughmaban
612 3516 679 3560 non
710 3495 866 3558 timentes
889 3493 1011 3557 sibim
1033 3493 1154 3578 aliquo,
1177 3513 1250 3558 eece
1282 3491 1396 3557 ineolae

345 3597 489 3682 ejusdem
529 3595 647 3681 patriae
686 3599 853 3660 exterrere
891 3616 946 3659 eos
984 3594 1133 3659 volentes
1166 3595 1262 3678 quasi
1299 3599 1396 3660 noete

344 3698 452 3762 media
488 3697 685 3776 clamabant,
724 3717 791 3761 non
830 3696 963 3782 quidem
1001 3696 1171 3760 Philistini
1205 3695 1261 3760 sed
1278 3736 1281 3742 «
1301 3693 1391 3760 Senti

344 3819 443 3884 super
464 3821 533 3864 nos.
579 3801 627 3863 At
641 3798 873 3864 illieurrentes
887 3799 931 3862 ad
954 3819 1048 3862 arma
1069 3820 1149 3863 mox
1168 3798 1395 3882 unusquisque

342 3901 476 3966 domum
507 3903 542 3966 in
573 3923 639 3986 qua
669 3905 837 3966 manserat
858 3900 1017 3977 aseendit,
1040 3906 1075 3964 et
1101 3899 1289 3987 conglobati
1322 3919 1396 3964 eon·

341 4003 437 4068 tinuo
470 4009 675 4069 recesserunt
709 4025 783 4068 eum
812 4003 947 4078 lumine,
969 4001 1176 4088 profectique
1207 4007 1287 4066 sunt
1318 3999 1395 4064 inde

341 4125 402 4190 per
432 4105 577 4171 medieas
607 4104 724 4170 diaetas
754 4125 858 4189 usque
892 4104 935 4167 ad
969 4102 1085 4167 villam
1117 4103 1159 4166 de
1195 4102 1263 4166 Are
1290 4100 1394 4184 juxta
1405 4107 1528 4158 Adranee

343 4205 569 4272 Galewalliam
603 4213 642 4271 ut
672 4207 714 4270 ad
746 4227 863 4321 pacem
894 4205 1112 4270 admitterent
1143 4202 1391 4268 Galewalenses.
1405 4173 1522 4305 ΕᾟΠώ

342 4307 492 4395 Cumque
513 4321 582 4373 non
604 4308 772 4374 venissent
801 4308 865 4371 nisi
889 4307 986 4392 pauci
1009 4309 1177 4390 equestres
1199 4303 1395 4368 nunciatum

377 4557 384 4590 ¹
402 4559 444 4625 in]
464 4557 529 4608 from
542 4561 590 4628 A43
608 4573 658 4608 om.
670 4559 726 4607 MS.
928 4554 939 4585 ⁴
956 4553 1094 4619 Banouph,
1105 4553 1149 4612 A„
1159 4555 1207 4603 but
1218 4552 1248 4604 de
1264 4554 1312 4605 has
1331 4555 1396 4606 been

375 4636 544 4703 ’accisam
566 4637 672 4696 accitus,
691 4637 763 4697 MS.;
784 4649 844 4685 aeu—
894 4635 995 4684 written
1007 4648 1068 4683 orer
1079 4631 1106 4682 it.

341 4717 436 4775 tussi.
469 4757 471 4762 ,
927 4711 1129 4778 ³Badenaaqk,
1141 4713 1214 4762 MSS.

375 4796 385 4830 ³
402 4797 479 4848 Alter
490 4795 625 4848 audaciam
636 4795 692 4844 MS.
705 4794 767 4844 adds
779 4793 842 4859 ipae.
