3625 5784
432 875 497 940 386
783 889 928 939 saunier
951 887 1136 936 amomon

264 1090 357 1141 Ostra
434 1075 600 1162 Factaque
632 1075 816 1142 elevatione
848 1096 998 1162 egressus
1035 1080 1087 1141 est
1124 1074 1180 1140 ille
1217 1073 1404 1140 Willelmus
1442 1075 1486 1153 ed

263 1169 423 1290 ffiffig
434 1177 666 1266 deponendum
688 1201 782 1244 arma
805 1199 873 1254 sua,
896 1183 931 1242 et
953 1177 1081 1244 factum
1104 1181 1155 1242 est
1186 1177 1266 1242 dum
1298 1177 1487 1263 perveniret

264 1289 388 1366 uepres
435 1280 585 1346 sacerdos
608 1280 651 1345 ad
674 1278 917 1365 perceptionem
941 1278 1154 1343 secretissimi
1176 1277 1323 1363 corporis
1355 1282 1391 1342 et
1413 1298 1486 1342 san-

264 1371 368 1407 terme·

434 1381 546 1470 guinis
591 1379 735 1462 Christi.
774 1381 1065 1446 circumsteterunt
1110 1379 1201 1445 Scoti
1254 1383 1295 1444 ut
1351 1379 1485 1446 calicem

434 1483 633 1570 abriperent.
680 1483 834 1569 Dumque
872 1503 990 1548 manus
1022 1481 1173 1547 ablueret
1212 1487 1247 1548 et
1284 1505 1306 1546 a
1342 1483 1487 1548 sacrario

434 1591 658 1652 reverteretur
695 1585 738 1650 ed
775 1583 889 1663 altare,
927 1585 1059 1650 invenit
1095 1583 1229 1650 calicem
1277 1589 1486 1671 asportatum

434 1709 532 1774 quem
575 1709 673 1772 super
712 1685 816 1752 altare
855 1685 1084 1763 reclinaverat,
1129 1687 1405 1774 manutergiaque
1451 1691 1486 1751 ct

433 1795 554 1856 caetera
576 1793 771 1854 ornamenta
804 1787 909 1874 ipsius
930 1787 1054 1854 altaris
1101 1787 1173 1855 Nec
1195 1793 1268 1854 erat
1289 1788 1321 1853 ei
1343 1789 1428 1853 liber
1450 1789 1485 1852 iu

434 1912 499 1976 quo
522 1891 636 1957 finiret
669 1891 803 1955 missam
826 1891 1002 1977 inceptam,
1036 1913 1075 1955 eo
1109 1892 1198 1977 quod
1231 1895 1486 1978 asportaverant

264 2012 397 2063 Thamar
434 1991 553 2058 omnia
600 1992 644 2057 Et
676 2013 751 2058 cum
774 1990 946 2058 haesitaret
968 1992 1119 2059 sacerdos
1142 1993 1223 2079 quid
1256 1997 1343 2058 esset
1365 1992 1484 2060 baien-

265 2081 405 2208 plyuppeereu
434 2095 523 2174 dum,
546 2115 697 2162 reversus
720 2099 771 2160 est
793 2093 850 2160 ille
873 2093 1068 2172 Willelmus,
1092 2100 1127 2160 et
1149 2095 1236 2160 vidit
1261 2094 1342 2174 haec,
1365 2117 1483 2182 praece-

265 2212 347 2266 Scou.
433 2198 548 2285 pitqne
570 2203 610 2264 ut
633 2201 859 2284 quaererentur
881 2197 1031 2284 sacrilegi
1054 2202 1089 2262 et
1110 2197 1219 2282 capite
1241 2196 1483 2283 plecterentur,

433 2299 580 2365 sednon
602 2303 682 2366 sunt
704 2299 844 2377 inventi,
865 2303 984 2385 utpote
1006 2319 1081 2365 cum
1104 2297 1367 2364 dissimulatione
1394 2319 1483 2385 quae

432 2403 496 2468 siti.
544 2401 742 2488 Adjeeitque
764 2402 807 2466 ad
830 2402 1014 2482 canonicos,
1036 2409 1053 2434 ‘¹
1065 2399 1169 2478 Non,”
1203 2401 1325 2486 inquit,
1349 2409 1397 2465 “a
1430 2423 1483 2465 me

432 2513 448 2538 ‘¹
472 2504 630 2571 recedetis
646 2525 813 2590 quoquam
828 2505 886 2569 sed
901 2525 1030 2570 mecum
1045 2501 1222 2568 manebitis
1245 2507 1285 2569 ut
1299 2502 1481 2568 salvemini.

431 2615 447 2640 “
473 2607 617 2694 Populus
634 2606 722 2672 enim
738 2605 801 2672 iste
818 2605 1003 2671 malitiosus
1026 2609 1078 2670 est
1099 2625 1159 2670 nec
1178 2604 1357 2690 justificari
1373 2610 1482 2692 potest

262 2733 376 2786 welles
432 2718 448 2744 “
473 2731 530 2774 seu
553 2709 736 2797 castigari.”
792 2707 984 2795 Mausitque
1006 2707 1130 2774 ibidem
1155 2728 1216 2795 per
1242 2707 1331 2773 duos
1346 2707 1483 2786 disset

263 2807 399 2930 &⁸33
432 2811 574 2898 populus
604 2812 667 2877 iste
698 2831 873 2896 perversus
905 2811 1073 2896 dispersus
1106 2831 1166 2896 per
1198 2809 1483 2896 circumjacentem

264 2931 308 2980 tes
316 2949 419 2986 canons,
431 2912 637 3000 provinciam
665 2912 859 2978 comburens
895 2912 1047 2978 incendio
1080 2917 1115 2977 et
1147 2918 1284 2978 vastans
1318 2913 1481 2977 universe

433 3015 628 3102 Habuitque
660 3019 740 3080 tunc
763 3013 951 3080 Willelmus
973 3014 1029 3080 ille
1061 3015 1097 3078 in
1128 3013 1235 3079 literis
1268 3015 1482 3100 sequentibus

432 3117 556 3184 socium
588 3117 797 3184 nominatum
821 3117 879 3203 qui
913 3115 1037 3182 eisdem
1060 3117 1225 3183 canonicis
1257 3115 1371 3183 literas
1405 3139 1482 3182 suas

432 3219 648 3305 protectorias
670 3221 911 3298 concesserunt,
937 3221 1111 3304 conceptas
1133 3217 1169 3282 in
1191 3217 1254 3285 hec
1276 3218 1405 3284 forma:

264 3335 363 3386 terrers
375 3337 403 3386 ol
477 3331 610 3387 Andreas
625 3330 661 3387 de
677 3319 831 3386 Maronia1
847 3335 878 3385 et
893 3327 1060 3386 Willelmus
1076 3328 1194 3402 Weleys
1210 3328 1298 3387 duces
1313 3319 1481 3386 exercitus²

263 3402 403 3464 Pf⁰t⁰⁰fi⁰¹²
433 3419 518 3492 regni
551 3408 681 3486 Sectile,³
703 3418 823 3475 nomine
856 3417 992 3490 praeclari
1014 3417 1156 3491 principis
1190 3418 1303 3475 domini
1325 3405 1486 3487 ¹lobannis

264 3467 396 3585 bibetis?
433 3507 488 3564 dei.
515 3509 611 3580 gratia
636 3507 760 3564 illustris
782 3507 861 3580 regis
885 3509 1004 3572 scotie,
1028 3508 1064 3565 de
1096 3525 1239 3565 consensu
1261 3510 1481 3566 communitatis

432 3598 516 3670 segni
539 3597 669 3669 ejusdem
693 3595 829 3653 omnibus
851 3596 1020 3654 homiuibus
1051 3595 1124 3654 dicti
1146 3597 1231 3669 regui
1252 3599 1291 3654 ed
1312 3617 1385 3671 quos
1407 3617 1481 3672 pres·

432 3691 528 3744 santes
551 3686 646 3744 literae
668 3685 856 3760 pervenerint
878 3687 1010 3744 selum
1057 3687 1163 3744 Sciatis
1190 3704 1245 3744 nos
1266 3689 1386 3744 nomine
1407 3689 1481 3746 dicti

431 3775 510 3848 regia
542 3776 670 3850 priorem
702 3781 733 3831 et
760 3781 938 3832 conventum
968 3775 1003 3832 da
1027 3775 1233 3833 Exssldesbam
1263 3777 1297 3832 in
1318 3777 1481 3835 Nerthum·

431 3865 505 3934 bria,
528 3871 620 3923 terras
651 3883 727 3934 suas,
751 3865 884 3922 homines
906 3883 973 3921 suos
1005 3871 1037 3921 et
1058 3865 1210 3923 universas
1243 3884 1346 3923 eorum
1367 3886 1479 3940 posses·

431 3957 537 4024 aiones,
561 3973 594 4012 ac
624 3955 724 4012 omnia
745 3954 822 4011 bona
844 3973 897 4011 sua
918 3954 1040 4011 mobilia
1071 3960 1103 4010 et
1124 3955 1286 4012 immobilia
1320 3957 1375 4012 sub
1396 3958 1480 4014 firma

430 4063 500 4118 paee
531 4051 562 4102 et
593 4043 775 4118 protectione
814 4044 905 4118 ipsius
940 4043 1050 4099 domini
1084 4044 1164 4116 regis
1197 4050 1228 4100 et
1265 4052 1367 4103 nostia
1399 4047 1479 4120 juste

430 4137 598 4208 suscepisse.
645 4135 740 4205 Quare
762 4134 887 4190 firmiter
909 4133 1097 4206 prohibemus
1127 4135 1255 4208 nequis
1276 4153 1326 4192 eos
1360 4137 1393 4191 in
1414 4153 1478 4209 per·

430 4225 518 4292 mnis,
550 4225 636 4282 tanis
671 4242 722 4281 seu
753 4224 840 4280 rebus
876 4223 997 4289 malum
1035 4221 1210 4290 molestiam,
1249 4223 1392 4296 iujuriam
1429 4243 1479 4282 sen

433 4333 592 4387 gravamen
602 4303 735 4387 ⁴aliquod
773 4313 881 4370 inferre
909 4317 1070 4386 presumas
1092 4330 1179 4385 super
1193 4313 1326 4386 plenaria
1347 4315 1481 4373 forisfac-

433 4409 502 4460 tura
523 4403 729 4476 ipsiusdomiui
762 4403 865 4475 regin
892 4407 947 4458 aut
978 4407 1106 4460 mortem
1127 4404 1171 4459 eis
1194 4404 1242 4459 vel
1263 4404 1353 4461 elicui
1379 4423 1480 4463 eorum

459 4644 681 4708 ¹Moroaia,A.;
699 4643 901 4706 usurariam.
1012 4643 1109 4697 ⁸Here
1130 4645 1187 4698 MS.
1216 4647 1280 4698 adds
1308 4649 1422 4716 wrougly
1450 4650 1480 4702 de

458 4722 469 4754 ²
486 4725 596 4776 Hereon
606 4725 670 4775 both
678 4722 789 4790 margins
800 4722 822 4774 is
832 4721 929 4774 Litore
978 4725 1304 4779 consemfiomtbeuext
1314 4729 1372 4780 line.

422 4805 583 4872 protectoria
597 4804 736 4858 Canonicis
746 4803 776 4856 de
785 4803 898 4856 Extare.
1011 4805 1022 4839 ⁴
1038 4821 1180 4870 morem,
1192 4807 1243 4870 A.;
1259 4823 1398 4873 praem,
1408 4809 1463 4863 MS.
