3625 5784
579 862 849 916 asrcrsrnsusis
873 863 1083 917 cnaoaioou.
1300 851 1363 923 173

314 1057 479 1116 trucidavit.
526 1059 612 1116 Illico
637 1059 802 1116 Willelmus
841 1076 909 1116 cnm
954 1059 1054 1132 paucis
1085 1077 1203 1118 suorum
1233 1066 1264 1118 et
1295 1079 1363 1116 cum

313 1149 475 1205 concubina
497 1166 549 1205 sua
564 1149 796 1222 inseparabiliter
811 1149 986 1216 coherente,
1001 1152 1034 1206 in
1056 1151 1184 1207 vicinam
1199 1152 1361 1219 ecclesiam,

313 1237 406 1296 beatae
428 1238 541 1295 scilicet
563 1239 665 1296 Muriae
689 1240 724 1296 de
756 1239 900 1307 Arcubus,
933 1258 990 1313 qua
1020 1259 1080 1297 non
1106 1246 1246 1313 tanquam
1268 1242 1360 1315 asylo,

313 1329 363 1384 sed
392 1329 474 1385 velut
500 1331 618 1386 castello
651 1331 688 1385 ad
722 1335 837 1401 tempus
871 1348 902 1385 sc
935 1329 1013 1385 tucri
1042 1331 1148 1397 voluit,
1173 1322 1360 1408 [confugit]¹

314 1437 432 1491 sperans
464 1420 606 1491 populum
629 1437 724 1486 suum,
761 1420 811 1475 sed
843 1420 963 1486 frustra,
1002 1420 1039 1475 ad
1070 1418 1133 1491 ejus
1158 1419 1360 1477 liberationem

314 1507 481 1565 affuturum.
529 1508 585 1580 Qui
615 1508 757 1564 nimirum
788 1510 844 1566 ctsi
867 1509 903 1565 de
930 1508 994 1581 ejus
1026 1510 1194 1566 discrimine
1217 1511 1358 1577 dolerent,

313 1603 448 1671 respectu
471 1604 569 1654 tamen
593 1599 726 1654 obsidum
752 1617 824 1671 quos
847 1599 998 1665 dederant,
1021 1618 1055 1656 ac
1077 1605 1160 1657 metu
1182 1607 1359 1657 armatorum

313 1688 442 1744 militum
465 1705 536 1760 quos
569 1689 713 1756 viderant,
746 1689 784 1744 od
817 1688 881 1761 ejus
911 1690 1089 1762 ereptionem
1110 1709 1172 1746 uon
1193 1696 1358 1748 accurrunt.

315 1777 417 1834 Jussus
440 1777 533 1850 igitur
569 1779 735 1834 Willelmus
773 1777 883 1850 egredi,
916 1779 966 1834 sed
997 1781 1110 1846 nolens,
1133 1780 1203 1851 igne
1225 1789 1256 1836 ct
1278 1782 1360 1837 sumo

314 1867 455 1940 appositis
477 1867 556 1923 exire
577 1868 697 1925 tandem
729 1873 774 1924 est
797 1873 922 1926 coactus.
966 1868 1138 1940 Egredienti
1159 1877 1258 1926 autem
1275 1871 1359 1926 'lilius

313 1957 386 2014 civis
423 1957 505 2014 illius
550 1975 637 2031 quem
682 1964 844 2031 peremerat
889 1960 983 2014 cultro
1027 1965 1161 2015 ventrem
1210 1961 1358 2017 dissecuit.

315 2047 423 2120 Captus
447 2053 554 2114 tumen,
575 2047 688 2120 judicio
719 2049 809 2104 curias
833 2048 928 2126 primp
958 2048 1041 2120 cquis
1064 2049 1230 2115 distractus,
1255 2050 1359 2106 deinde

315 2155 380 2192 cum
403 2138 491 2193 sociis
513 2137 551 2192 ix.
575 2139 626 2210 qui
649 2138 695 2193 illi
727 2138 825 2194 deesse
862 2138 1027 2205 noluerant,
1050 2139 1181 2210 patibulo
1203 2159 1360 2213 suspensus

314 2231 365 2283 est.
411 2227 501 2283 Porro
524 2228 679 2300 complices
701 2227 764 2299 ejus
796 2227 1042 2300 archiepiscopum
1075 2230 1156 2285 velut
1180 2229 1358 2286 homicidam

314 2335 371 2372 nou
394 2317 489 2373 solum
515 2306 760 2384 diffamaverant,2
783 2319 833 2374 scd
867 2317 956 2374 etiam
987 2324 1022 2373 ut
1053 2319 1275 2391 conspirationis
1297 2337 1359 2376 suoe

313 2405 437 2478 propriae
484 2407 606 2463 dedecus
651 2409 859 2479 abstergerent,
897 2413 929 2463 et
971 2408 1173 2480 dampnatores
1217 2409 1360 2465 Willclmi

313 2495 460 2568 improbos
482 2498 713 2568 comprobarent,
737 2501 800 2553 erte
834 2502 864 2552 et
885 2504 951 2553 estu
984 2516 1091 2553 nomon
1114 2497 1160 2552 illi
1182 2502 1212 2553 et
1234 2499 1359 2570 gloriam

312 2587 448 2659 martyris
471 2586 656 2660 quesierunt.
688 2572 843 2658 'Denique
878 2592 913 2641 ut
944 2588 1047 2653 fertur,
1079 2588 1210 2643 sacerdos
1240 2589 1359 2660 quidam

313 2675 492 2748 propinquus
514 2676 658 2732 Willelmi
680 2684 813 2732 catenam
836 2694 893 2749 qua
916 2677 1032 2732 vinctus
1055 2677 1150 2733 lucrat
1179 2675 1358 2733 febricitanti

313 2765 427 2821 cuidam
453 2767 647 2838 superposuit,
679 2770 710 2820 et
740 2784 808 2822 mox
845 2766 1001 2822 sanitatem
1039 2767 1221 2822 subsecutam
1244 2767 1360 2838 publice

312 2854 491 2926 praedicavit.
537 2855 600 2926 Quo
622 2855 753 2926 vulgato,
785 2857 911 2928 populus
943 2856 1108 2927 patibulum
1130 2855 1194 2926 ejus
1215 2862 1360 2912 nocturno

312 2945 390 3000 furto
406 2945 535 3011 sustulit,
558 2949 667 3000 terram
690 2946 833 3016 sanguiue
847 2941 911 3015 ejus
934 2951 1115 3000 cruentatam
1136 2946 1229 3002 veluti
1244 2963 1358 3001 sacrum

312 3033 461 3106 quiddam,
477 3033 509 3089 in
531 3052 602 3090 usus
625 3035 809 3091 curationum
832 3052 923 3107 usque
945 3035 984 3090 ad
1005 3035 1111 3090 fossam
1134 3053 1193 3091 non
1215 3035 1360 3091 modicam

312 3141 364 3194 per
405 3124 545 3179 minutias
582 3124 700 3181 abrasit.
757 3125 848 3180 Fama
885 3126 985 3196 itaquo
1022 3114 1105 3180 late³
1137 3124 1180 3180 sio
1218 3124 1357 3197 dispersa,

312 3213 470 3268 stultorum
522 3219 551 3270 et
597 3215 776 3270 curiosorum
821 3214 974 3270 hominum
1018 3231 1122 3286 greges
1165 3216 1359 3276 confluebant.

312 3302 480 3359 Excubabat
502 3303 610 3360 ibidem
626 3309 773 3360 nocturno·
790 3309 922 3375 tempore
938 3304 1049 3361 insulsa
1059 3304 1174 3377 jugiter
1188 3305 1357 3372 multitudo,

313 3397 456 3464 quantum
477 3393 596 3450 bonoria
619 3393 756 3450 defuncto
779 3393 960 3465 impendens,
984 3398 1100 3450 tantum
1122 3394 1270 3451 dedecoris
1294 3393 1358 3467 ejus

312 3481 495 3554 dampnatori
532 3483 710 3556 impingens,
742 3487 916 3557 tantumque
953 3482 1079 3539 invaluit
1112 3484 1245 3556 inceptus
1267 3503 1357 3552 error,

312 3577 346 3626 ut
368 3573 526 3645 prudentes
549 3591 678 3645 quosque
701 3573 879 3639 fasciuaseet,
907 3573 965 3629 nisi
988 3591 1022 3630 ea
1051 3592 1117 3646 quoe
1141 3575 1176 3630 de
1200 3575 1252 3631 illo
1274 3581 1357 3647 gesta

141 3671 219 3737 Try·
240 3672 289 3723 eol.
312 3667 506 3732 cognoverant
543 3662 657 3718 cautius
691 3662 893 3719 advertissent.
941 3663 1017 3719 Saue
1055 3670 1176 3736 excepto
1207 3683 1242 3720 eo
1279 3666 1357 3737 quod

139 3743 216 3789 ²⁴¹²·
312 3751 398 3822 paulo
421 3757 488 3808 ante
526 3753 690 3824 captionem
723 3769 807 3808 suam
837 3752 1029 3808 homicidium
1062 3753 1256 3821 commiserat,
1280 3755 1358 3827 quod

311 3841 412 3914 ntique
450 3841 569 3898 cuilibet
607 3843 725 3898 cordato
762 3841 826 3898 riro
869 3861 909 3898 ne
952 3861 1005 3914 pro
1048 3850 1177 3916 martyre
1215 3845 1359 3901 coleretur

311 3931 440 3988 sufficere
474 3931 623 3998 debuerat,
647 3931 740 4004 ipsius
773 3936 901 3988 extrema
932 3933 986 3987 snb
1009 3938 1103 3989 morte
1125 3933 1266 3990 consessio
1289 3951 1357 3990 suos

311 4019 412 4076 debuit
457 4022 581 4078 cultores
618 4022 835 4079 verecundasse.
874 4021 988 4094 Quippe
1033 4041 1100 4079 cum
1137 4042 1156 4078 a
1192 4013 1358 4079 nonnullo⁴

311 4111 444 4181 quamvis
488 4129 551 4168 sero
597 4111 650 4166 sub
685 4111 791 4166 humili
834 4113 1014 4168 confessione
1059 4117 1243 4183 peccatorum
1288 4111 1358 4168 dare

310 4199 434 4270 gloriam
465 4201 520 4257 deo
551 4205 728 4268 moneretur,
762 4201 909 4257 confessus
939 4207 984 4257 est
1013 4219 1044 4257 se
1081 4201 1232 4258 ecclesiam
1265 4201 1358 4256 beatae

310 4288 412 4346 Maria
435 4291 506 4346 dum
544 4291 586 4347 ibi
607 4293 800 4364 'expectaret
841 4289 950 4347 semine
973 4290 1120 4362 polluisse.
1166 4290 1292 4362 Insuper
1328 4295 1359 4345 et

341 4560 349 4594 ¹
366 4561 445 4612 From
454 4558 646 4626 lligd.,though
653 4574 724 4610 some
731 4558 807 4612 MSS.
891 4557 902 4591 ³
920 4556 986 4623 loto]
1009 4571 1060 4608 om.
1073 4556 1144 4625 Higd

307 4639 410 4693 omitit.
891 4638 901 4670 ⁴
919 4636 1061 4696 nonnullis,
1074 4637 1151 4704 lligd.

342 4719 353 4755 ²
369 4718 548 4790 diffamarunt,
559 4715 639 4784 sige.
