3625 5784
439 855 502 922 412
787 865 934 918 nauum
956 866 1141 916 unuonron

267 1073 393 1126 Deathot
435 1079 583 1148 gressum
616 1062 666 1124 est
697 1057 819 1122 bellum
854 1057 943 1144 apud
975 1055 1146 1134 Dundalk,
1174 1057 1233 1122 ubi
1272 1059 1398 1125 occisus
1438 1061 1491 1124 est

265 1141 413 1259 fflffi
435 1160 623 1226 antedictus
673 1157 858 1224 Edwardus
896 1158 937 1223 de
974 1158 1061 1224 Brus
1098 1179 1173 1224 eum
1211 1159 1286 1224 aliis
1322 1160 1490 1246 praedictis

267 1275 380 1334 Bmaat
437 1261 617 1327 nominatis
655 1261 876 1350 magnatibus,
911 1259 969 1346 qui
1003 1261 1086 1326 adeo
1116 1261 1256 1326 fuerumt
1289 1261 1333 1326 ab
1370 1262 1490 1349 Anglis

266 1341 398 1392 Dunouk.
436 1363 571 1440 obclusi‚
608 1362 697 1449 quod
734 1362 775 1428 de
813 1367 911 1428 tanta
956 1361 1172 1428 multitudine
1211 1362 1385 1428 Scotorum
1422 1385 1489 1428 non

436 1463 610 1531 evaserat¹
634 1485 693 1530 nec
716 1485 803 1529 unus
825 1463 968 1550 quidem.

481 1565 605 1632 ²Anno
627 1567 745 1655 gratia
768 1581 945 1630 siccem.
980 1570 1015 1630 et
1048 1586 1136 1631 anno
1169 1567 1289 1654 gratiae
1322 1582 1488 1632 uocem.

437 1691 559 1758 magna
597 1667 783 1734 mortalitas
815 1667 987 1732 hominum
1025 1673 1060 1732 et
1097 1667 1168 1734 lues
1205 1667 1400 1732 animalium
1430 1690 1491 1754 per

267 1776 546 1854 Gustum-totum
569 1791 708 1857 regnum
731 1769 873 1856 Angue,
895 1768 978 1834 adeo
1000 1769 1089 1854 quod
1110 1768 1260 1834 homines
1283 1775 1491 1835 remanentes

267 1845 392 1976 ffiffi
437 1893 504 1936 non
526 1871 695 1937 habebant
717 1871 805 1936 unde
839 1875 947 1935 terras
978 1891 1055 1935 suaa
1088 1871 1194 1936 colere
1225 1892 1286 1937 nec
1318 1872 1491 1948 seminare,

436 1979 471 2038 et
493 1972 613 2038 cotidie
645 1993 745 2058 quam
780 1971 917 2058 plurimi
951 1971 987 2036 in
1022 1971 1171 2056 quolibet
1204 1973 1367 2038 cimiterio
1398 1973 1491 2038 fode·

364 2134 372 2146 ,
436 2074 580 2152 bantur;
613 2079 648 2138 et
682 2073 818 2138 duravit
840 2072 917 2138 haec
943 2073 1047 2160 pestis
1078 2095 1138 2160 per
1167 2073 1348 2151 biennium,
1372 2079 1407 2139 et
1444 2075 1492 2141 sio

436 2175 583 2262 undique
625 2195 747 2262 magna
787 2173 827 2239 de
845 2173 949 2240 olatio
995 2179 1064 2240 tam
1108 2196 1151 2239 ex
1192 2174 1258 2240 hiis
1298 2197 1398 2262 quam
1447 2197 1490 2241 ex

437 2277 544 2343 Scotis
612 2275 765 2342 hostibus
818 2275 947 2364 Anglos
1003 2275 1232 2362 apprehendit.
1303 2277 1490 2344 Oondolens

436 2381 541 2468 igitur
562 2400 650 2467 papa
675 2377 866 2468 Anglicanu
891 2375 1124 2444 tribulationi³
1153 2383 1188 2443 et
1221 2379 1345 2465 pietate
1378 2385 1489 2445 motus

436 2481 528 2548 misit
549 2482 633 2548 duos
663 2480 845 2548 cardinales
869 2501 903 2544 1n
935 2479 1092 2567 Angliam
1114 2501 1203 2544 anno
1224 2480 1349 2546 scilicet
1370 2483 1489 2568 gratiae

267 2593 335 2640 Au.
350 2593 423 2642 1818·
436 2599 628 2649 ucccxvm.
652 2583 694 2648 ad
718 2581 964 2648 reformandam
987 2603 1101 2667 paoem
1116 2581 1206 2646 inter
1231 2603 1342 2670 regem
1356 2583 1489 2671 Angliae

266 2680 402 2730 Eff⁰f²⁸⁰f
436 2691 471 2750 et
512 2689 689 2772 cognatum
732 2705 828 2748 suum
874 2682 1034 2747 Thomam
1079 2683 1232 2748 comitem
1279 2684 1489 2762 Lancastriaa

265 2747 392 2879 libell?
436 2793 471 2853 ot
493 2786 582 2854 inter
605 2807 714 2876 regem
730 2785 860 2874 Angliae
883 2767 919 2849 et
933 2783 1117 2850 Robertum
1133 2784 1219 2849 Brus
1234 2807 1345 2872 regem
1361 2785 1487 2852 Scotiae.

265 2881 344 2930 Μ
436 2889 609 2956 Venerunt
632 2889 736 2978 igitur
757 2885 962 2954 cardinalea⁴
975 2907 1051 2953 cum
1067 2909 1143 2975 rege
1165 2892 1200 2952 et
1221 2887 1336 2976 regina
1357 2893 1489 2954 etcum

266 2962 353 3012 W
436 2991 679 3078 archiepiscopo
725 2987 958 3056 Oantuariensi
1003 3009 1078 3054 cnm
1131 2987 1284 3054 omnibus
1328 2990 1489 3078 episeopis

265 3089 407 3209 3⁸1th
436 3093 623 3182 provincia,
676 3113 751 3158 cum
798 3088 974 3156 comitibus
1023 3094 1057 3154 εδ
1111 3089 1290 3155 baronibus
1335 3097 1370 3157 et
1413 3093 1488 3157 aliis

266 3233 354 3277 mm,
435 3195 647 3284 magnatibus
679 3193 773 3281 regni
803 3191 893 3278 apud
924 3191 1156 3277 Leycestriam,
1178 3197 1214 3257 et
1246 3194 1389 3270 occurrit
1419 3193 1489 3258 eis⁶

435 3295 578 3362 Thomas
608 3317 715 3362 comes
746 3293 947 3359 Lancastriae
982 3292 1035 3357 die
1062 3315 1104 3358 ex
1134 3291 1197 3360 hae
1227 3299 1322 3381 parte
1353 3295 1384 3360 ei
1406 3317 1490 3381 pras·

436 3399 504 3463 fixo
553 3397 642 3485 apud
696 3395 860 3482 Syroches
911 3393 1032 3482 Briggo
1081 3415 1155 3480 quae
1200 3395 1298 3461 modo
1350 3402 1489 3462 vocatur

436 3499 637 3587 Sotesbryge
659 3497 803 3585 stipatus
829 3495 1051 3582 pulcherrima
1080 3496 1295 3562 multitudine
1317 3496 1489 3564 hominum

436 3601 517 3667 adeo
541 3601 629 3688 quod
652 3621 718 3664 non
734 3599 877 3664 occurrit
893 3597 1081 3684 quempiam
1096 3599 1269 3664 retroactis
1284 3600 1488 3686 temporibus

437 3703 559 3768 vidisse
616 3702 760 3788 aliquem
811 3699 964 3766 comitem
1014 3699 1149 3764 duxisse
1199 3705 1268 3766 tam
1314 3701 1487 3788 pulchram
1500 3715 1649 3780 Τηιωι.

437 3803 685 3870 multitudinem
717 3800 889 3866 hominum
923 3802 958 3864 in
985 3802 1078 3887 equis
1103 3800 1150 3868 sic
1182 3800 1266 3867 bene
1297 3786 1576 3882 araitorum,²⁵³⁵·

266 3915 425 3968 &annuis-
437 3907 561 3973 scilioet
585 3904 677 3991 xviij.
701 3904 803 3969 mille.
842 3901 993 3987 Cumque
1014 3925 1075 3968 rex
1096 3901 1154 3967 et⁶
1174 3924 1282 3969 comes
1304 3904 1489 3982 obviarent,

267 3983 319 4034 ‘³⁰¹¹
334 3986 374 4034 Μ·
437 4009 508 4074 sine
531 4005 870 4096 magnanimnos
893 3997 1033 4070 muse
1055 4008 1144 4081 suns,
1166 4009 1201 4070 a
1223 4004 1304 4072 fau
1327 4012 1408 4072 suns
1422 4009 1489 4073 an·

267 4057 348 4102 tween
358 4049 402 4100 tha

266 4116 414 4234 {ihiffldof
437 4110 533 4178 amici
572 4107 680 4196 quoad
718 4105 878 4172 intuitum
916 4105 1231 4172 circumastantium.
1292 4106 1338 4172 Εδ
1374 4109 1490 4176 statim

265 4249 412 4300 Iauoaster.

470 4427 477 4459 ¹
496 4427 621 4481 evaserat,
633 4423 682 4482 Aa
700 4425 840 4479 marm,
851 4420 907 4470 MS.
1018 4407 1029 4441 ⁴
1047 4409 1161 4460 1101·θοῦ
1180 4407 1321 4476 marginof
1337 4411 1373 4462 A„
1390 4411 1488 4464 isDao

470 4527 590 4580 sessore
601 4526 677 4577 Ana
698 4525 754 4575 us.
773 4522 863 4576 smera
882 4522 941 4574 sa·-
986 4485 1139 4632 cff'ffi
1150 4485 1317 4618 ww

435 4607 501 4660 ’Μ’
1016 4643 1113 4697 ‘Hera
1124 4603 1159 4694 oh
1229 4604 1256 4658 ι’
1285 4647 1317 4697 of
1331 4647 1366 4699 A.
1384 4647 1489 4701 δεδοκ-

469 4712 480 4744 ⁸
498 4707 666 4772 lrddsslflilvflt',
686 4709 735 4768 Ᾱ.;
759 4706 940 4770 ffidsslssit'mtil,
983 4723 1074 4774 cordia
1085 4725 1151 4775 inter
1161 4661 1278 4792 rw
1293 4727 1404 4778 cm'm
1418 4725 1489 4780 Lan.

436 4791 492 4840 MS.
983 4803 1092 4854 mutu.
