3625 5784
407 907 473 974 sto
746 923 893 972 nauium
916 923 1103 975 aureuma

408 1109 642 1175 demolientcs¹
658 1133 777 1190 muros,
794 1116 829 1177 et
845 1112 1013 1177 ministros
1034 1113 1121 1199 regis
1136 1111 1348 1178 trucidantes
1395 1112 1461 1177 Fu-

235 1223 306 1289 They
407 1217 593 1298 gerantque
608 1213 709 1300 Angli
733 1215 790 1299 qui
813 1219 975 1300 poterent,
991 1216 1048 1279 sed
1070 1213 1168 1280 multi
1190 1213 1362 1302 absorpti²
1382 1221 1462 1281 aunt

234 1299 444 1410 {ffifmnin
467 1333 522 1377 ore
545 1313 655 1399 gladii.
704 1315 786 1395 Quae
809 1337 882 1381 oum
906 1337 965 1380 rex
996 1315 1142 1380 audisset
1164 1337 1243 1380 mox
1265 1323 1461 1403 congregato

235 1425 320 1475 essue.
407 1417 555 1482 exercitu
571 1416 752 1482 declinavit
767 1417 890 1482 ibidem
903 1441 912 1497 ;
934 1417 1108 1503 missisque
1123 1417 1228 1482 literis
1243 1418 1287 1483 ad
1312 1418 1460 1483 Edmun·

406 1517 484 1582 dum
524 1517 658 1583 fratrem
695 1541 791 1584 suum
830 1524 865 1584 et
902 1519 1058 1585 comitem
1091 1519 1366 1596 Lincolniensem,
1399 1522 1458 1606 qui

405 1625 485 1686 tunc
516 1621 673 1708 temporis
696 1621 854 1709 inportu
878 1622 919 1686 de
942 1619 1214 1698 Portusmowth,³
1234 1643 1310 1688 cum
1341 1623 1457 1688 multis

235 1735 288 1786 The
296 1745 383 1802 troops
404 1723 552 1787 millibus
573 1727 776 1786 armatorum
800 1723 907 1808 parati
931 1723 1114 1788 lucrantia
1130 1723 1326 1789 Vasconiam
1348 1727 1459 1788 trans·

234 1802 359 1920 ξοθῗξξξᾱ
403 1824 531 1902 fratcre,
555 1825 659 1888 utad
683 1824 818 1889 eumin
841 1823 997 1890 Walliam
1020 1825 1187 1906 redirent;
1221 1837 1262 1892 ct
1287 1827 1458 1893 redierunt

233 1948 354 2051 cecam
402 1927 445 1992 ad
483 1947 566 1992 eum.
603 1925 732 1992 Caetera
766 1925 897 2012 plenius
931 1948 1042 2013 quaere
1079 1949 1181 2013 supra
1219 1928 1333 1993 eodem
1370 1928 1457 1994 libro

401 2028 547 2114 capitulo
570 2030 599 2093 3.

447 2129 569 2195 Eodem
593 2149 681 2194 anno
703 2128 807 2196 sames
831 2129 943 2195 valida
970 2086 1124 2217 Angliam
1148 2129 1277 2208 afflixit,
1299 2137 1334 2197 et
1357 2134 1456 2197 mori·

231 2237 362 2352 {affin
401 2231 771 2348 chantur⁴pau1rerum
794 2233 901 2348 multa
926 2233 1040 2349 millia
1086 2233 1301 2350 Vendehatur
1323 2244 1456 2320 quarte·

232 2369 357 2433 anglena
399 2355 487 2398 rrum
518 2333 678 2398 frumenti
710 2355 770 2420 pro
794 2355 861 2420 va.
885 2335 1009 2412 solidis,
1030 2341 1066 2400 et
1087 2336 1282 2401 multotiens
1304 2357 1365 2422 pro
1396 2359 1454 2402 xx.

399 2433 586 2523 Sterlingus
608 2435 696 2500 enim
719 2435 943 2501 comitabatur
963 2457 1081 2524 regem.

619 2721 669 2788 lle
688 2720 887 2808 proditioue
912 2721 1044 2788 Ttomoe
1069 2719 1256 2807 lherbcuyl.⁸

229 2919 296 2973 an.
312 2925 385 2974 lace.
440 2909 540 2976 Anno
563 2909 699 2976 Domini
721 2925 869 2976 uocxcv.
901 2909 1054 2974 dominus
1085 2909 1228 2974 Thomas
1258 2909 1300 2974 de
1321 2909 1453 2996 Turby·

397 3011 476 3097 vyle
498 3011 555 3097 qui
579 3018 619 3077 ut
648 3012 879 3097 supradictum
909 3016 961 3076 est
991 3011 1029 3076 in
1050 3017 1189 3096 captura
1215 3011 1256 3076 de
1280 3011 1385 3075 Rions
1414 3013 1451 3075 in

228 3133 352 3185 umus·
396 3111 561 3178 Vasconis
582 3134 658 3178 cum
682 3113 845 3178 militibus
875 3112 1030 3199 captivus
1052 3112 1172 3177 ductus
1193 3117 1244 3178 est
1270 3119 1305 3177 et
1326 3112 1448 3179 carceri

228 3201 377 3316 ffissffis
395 3215 483 3301 regis
506 3214 654 3281 Francia
669 3215 887 3300 mancipatus,
903 3215 961 3299 qui
984 3213 1122 3279 sollicite
1145 3213 1338 3280 laborabet⁶
1360 3236 1448 3300 quo·

228 3333 335 3382 aeuur-
396 3315 493 3382 modo
527 3313 668 3402 effugere
700 3323 810 3404 posset
843 3337 1004 3382 carcerem
1026 3319 1062 3380 et
1083 3316 1224 3382 vincula.
1275 3316 1341 3396 Qui
1373 3337 1448 3383 cum

227 3399 327 3464 beryle.
396 3424 484 3483 esset
518 3417 588 3505 regi
624 3418 773 3484 Franoiee
796 3417 953 3484 familiari
975 3418 1097 3483 notitia
1127 3417 1287 3504 cognitus,
1320 3419 1448 3505 pepigit
1460 3426 1545 3493 Taya
1558 3434 1609 3483 001.

394 3539 469 3584 cum
507 3539 545 3584 eo
582 3519 690 3584 loedus
727 3520 763 3585 in
793 3520 988 3584 seditionem
1025 3519 1113 3604 regis
1149 3519 1289 3606 Angliee,
1326 3521 1447 3599 disens,
1460 3498 1534 3546 ²⁵⁰³·

397 3627 413 3656 “
436 3621 628 3686 Providebis
658 3621 722 3686 tihi
749 3643 769 3686 o
790 3641 859 3700 rex,
882 3621 923 3686 de
947 3641 1068 3708 aragne
1089 3620 1200 3699 classe,
1223 3627 1258 3686 et
1279 3642 1382 3708 pones
1412 3622 1449 3686 in

396 3727 414 3758 ‘⁴
437 3743 475 3789 ee
499 3724 599 3789 robur
622 3724 793 3801 exercitus,
817 3745 876 3809 ego
898 3728 1012 3788 autem
1034 3729 1181 3810 reuertar
1211 3723 1253 3788 ud
1276 3723 1447 3789 dominum

396 3830 547 3890 “meum
582 3845 703 3910 regem,
736 3829 771 3890 et
794 3825 901 3890 dicem
925 3823 964 3901 ei,
988 3823 1077 3909 quod
1099 3825 1282 3890 auxiliante
1316 3823 1448 3892 amico⁷

395 3935 411 3961 “
435 3926 577 4012 quodem
601 3947 676 3992 eum
700 3925 895 3992 difficultate
910 3947 1028 3990 manus
1050 3931 1127 3991 tuas
1149 3927 1249 3992 evasi.
1295 3927 1446 4013 Cumque

394 4036 412 4063 “
433 4027 477 4092 ab
508 4025 571 4092 e0⁸
592 4027 840 4114 impetraverim
872 4026 1056 4093 custodiam
1089 4027 1189 4092 maris
1212 4034 1247 4092 ct
1279 4035 1447 4116 portuum,

426 4281 434 4315 ¹
452 4281 630 4345 demollientes,
641 4281 715 4334 MSS.
974 4279 1216 4332 ‘lodorutotiaon
1236 4282 1280 4334 the
1296 4283 1395 4350 margin
1414 4281 1442 4334 in

425 4360 559 4424 Ξσὸεονιὶ,
569 4361 646 4414 MSS.
940 4363 973 4411 A.

424 4440 671 4500 'Portumowtss
974 4437 1076 4488 ⁴'Alter
1103 4438 1183 4489 anim
1211 4440 1268 4490 Ms.
1291 4449 1390 4506 repente
1417 4449 1443 4492 ct

424 4521 434 4553 ⁴
452 4521 615 4582 moriebatur,
625 4520 703 4572 MSS.
940 4517 1023 4568 dicam
1034 4517 1066 4567 ei.

425 4599 436 4632 ⁸
456 4598 595 4672 Τκνὸμυμὶ,
608 4599 663 4649 MS.
697 4597 781 4648 These
804 4597 894 4654 worda,
972 4597 1194 4661 ‘'impeti-umiae,
1219 4601 1268 4660 A.;
1296 4600 1442 4667 impetrate.

390 4679 488 4744 though
509 4680 552 4730 the
564 4677 674 4744 heading
686 4677 715 4728 ol
732 4679 777 4728 the
789 4676 895 4738 section,
940 4682 1010 4737 runt,
1023 4677 1079 4730 MS.

391 4758 467 4808 stand
484 4755 510 4806 iu
530 4756 573 4807 the
595 4755 670 4806 midat
690 4755 720 4806 ol
736 4757 780 4808 the
798 4764 852 4808 text
869 4755 895 4806 in

391 4835 540 4888 bothMSS.
