3625 5784
610 893 879 944 carcasonensis
901 892 1111 943 canonicor.
1352 875 1396 946 37

342 1077 491 1164 repleta¹
507 1084 558 1144 est
573 1084 662 1144 terra
686 1079 780 1166 quasi
804 1079 952 1144 exomni
975 1080 1110 1145 natione
1133 1099 1207 1164 quae
1231 1077 1292 1143 sub
1315 1077 1395 1142 caelo

343 1187 404 1257 est,
426 1181 674 1268 agebanturque
709 1183 842 1268 negotia
873 1181 998 1267 rogalia
1032 1203 1091 1267 per
1124 1180 1325 1266 alienigenas
1359 1183 1395 1244 et

342 1281 481 1366 ignotos
512 1290 547 1349 et
576 1285 666 1348 facta
701 1289 751 1349 est
786 1284 833 1348 eis
867 1284 990 1370 Anglia
1022 1285 1116 1370 quasi
1154 1284 1300 1348 serviens
1332 1281 1394 1347 sub

342 1384 477 1462 tributo,
510 1387 666 1472 quoniam
689 1387 818 1450 sardas
851 1393 885 1450 et
907 1387 1031 1451 relevio
1064 1392 1098 1450 et
1120 1390 1239 1450 caetera
1271 1382 1394 1450 emolu-

342 1491 455 1552 menta
478 1492 575 1552 terrae
598 1511 666 1574 prm
702 1487 828 1552 crateris
852 1489 1004 1552 omnibus
1038 1487 1261 1574 asportabant,
1284 1486 1393 1572 indig-

341 1588 478 1672 natique
524 1594 603 1654 sunt
648 1594 819 1674 magnates
872 1595 969 1653 terrae
1006 1589 1167 1664 videntes,
1205 1593 1240 1653 et
1277 1592 1393 1652 mutuo

342 1689 513 1776 loquentes
530 1692 593 1756 sibi
610 1692 772 1768 dicebant,
790 1691 910 1770 “Quid
932 1691 1090 1756 faciemus
1111 1691 1306 1777 alienigenis
1321 1689 1394 1754 istis
1407 1691 1554 1744 Lamentof

343 1801 359 1826 “
384 1795 441 1878 qui
465 1795 511 1858 sio
526 1796 719 1881 opprimunt
734 1798 820 1858 nos?
864 1794 904 1859 Si
940 1794 1161 1859 dimiserimus
1184 1795 1231 1858 sic
1245 1798 1393 1880 asporta·
1407 1759 1555 1878 ifflssffi‘„

343 1904 361 1932 “
385 1897 470 1962 bunt
486 1898 596 1962 omnia
612 1903 646 1961 et
668 1919 728 1961 nos
752 1898 848 1962 vacui
872 1898 1123 1962 remanebimus.
1156 1897 1393 1984 Dirumpamus

342 2005 360 2032 “
384 1997 489 2084 igitur
504 1998 637 2063 vincula
660 2005 694 2064 et
716 1999 927 2085 projiciamus
943 2021 963 2063 a
979 1999 1073 2063 nobis
1092 1998 1213 2085 jugum
1236 1998 1392 2084 ipsorum,

343 2109 359 2134 “
384 2102 539 2185 quoniam
563 2102 591 2166 si
614 2103 813 2166 tacuerimus
836 2102 960 2187 peribit
982 2101 1114 2186 Anglia,
1137 2106 1172 2166 et
1194 2123 1253 2165 nos
1277 2102 1393 2187 utique

174 2205 318 2270 royacol.
346 2211 362 2236 “
386 2203 507 2267 erimus
520 2204 730 2288 opprobrium
754 2203 925 2267 hominum
950 2208 984 2267 et
1006 2202 1147 2288 abjectio
1170 2201 1302 2288 plebis.’'
1348 2202 1394 2266 Et

171 2277 246 2326 Μ’·
345 2305 432 2369 siout
454 2304 581 2390 Synnon
605 2305 813 2370 Machabreus
836 2305 980 2370 surrexit
1003 2326 1062 2390 pro
1085 2304 1188 2370 fratre
1211 2326 1271 2369 suo
1292 2304 1393 2384 duda,

245 2486 252 2498 .
341 2411 382 2470 ut
405 2429 463 2492 pro
486 2407 608 2494 populo
636 2407 689 2472 dei
713 2413 747 2472 et
770 2406 840 2492 lege
856 2413 994 2493 paterna
1016 2413 1157 2473 certaret
1171 2407 1214 2472 ad
1236 2411 1393 2472 mortem:

341 2508 387 2573 sie
410 2515 444 2574 ct
468 2509 594 2595 Symon
618 2509 658 2574 dc
682 2509 874 2574 Monteforti
897 2531 957 2596 pro
988 2508 1113 2596 Anglia
1135 2511 1241 2574 erexit
1274 2532 1318 2590 se,
1353 2517 1392 2576 ut
1404 2520 1481 2570 From
1493 2522 1545 2572 this

341 2633 400 2698 pro
416 2612 542 2699 legibus
559 2619 593 2677 et
607 2612 817 2678 libertatibus
841 2613 912 2698 ejus
936 2634 1038 2697 usque
1061 2612 1104 2677 ad
1128 2603 1553 2704 11101²ns2p‹2rni-{¹}3¹„⁰„0„.⁸

342 2713 424 2779 ciem
471 2714 663 2794 dimicaret3
700 2715 850 2799 initoque
897 2715 1033 2780 eonsilio
1077 2715 1233 2779 adierunt
1282 2736 1392 2800 regem
1405 2720 1534 2771 rebellior·

340 2816 475 2880 comites
509 2815 565 2881 et³
587 2817 734 2895 barones,
769 2822 803 2882 et
835 2817 993 2881 dixerunt
1016 2817 1056 2893 ei,
1080 2809 1302 2879 '“Dominer
1324 2838 1392 2895 rex,

340 2917 475 2983 “Inter
512 2941 629 2983 manus
667 2919 927 3004 alienigenarum
970 2941 1021 2982 res
1057 2919 1172 3004 utiquc
1211 2924 1270 2983 tua
1307 2918 1563 2983 maleThenoblot

340 3021 493 3105 “agitur
531 3027 565 3086 ot
606 3021 825 3087 diversimode
865 3026 1037 3097 tractatur,
1075 3043 1153 3085 nam
1190 3021 1392 3106 consumptis
1405 2992 1533 3122 iiim

342 3133 358 3158 ‘¹
381 3125 546 3190 universis
569 3123 675 3189 multo
694 3125 765 3208 jam
789 3124 984 3210 deprimeris
1006 3145 1070 3190 aere
1093 3124 1212 3199 alieno,
1237 3129 1272 3188 et
1305 3123 1393 3188 datis

341 3235 358 3261 “
382 3247 441 3312 pro
463 3227 596 3293 cibariis
619 3228 687 3291 tuis
718 3227 837 3303 talleis,
862 3249 977 3291 versus
1001 3231 1051 3290 est
1075 3227 1115 3290 in'
1143 3225 1334 3292 scandalum
1356 3226 1393 3290 in

341 3337 357 3362 “
381 3330 471 3394 omni
495 3329 616 3416 populo
650 3335 717 3394 tuo.
764 3329 797 3392 N
801 3351 864 3394 unc
887 3351 964 3413 ergo
998 3329 1087 3394 sanis
1110 3328 1284 3413 adquiesee
1317 3350 1392 3394 con-

342 3439 359 3466 “
382 3432 474 3508 sihis,
499 3437 533 3496 et
556 3432 691 3496 domum
708 3437 800 3497 tuam
825 3432 994 3497 committe
1010 3431 1220 3517 dispositioni
1244 3431 1393 3496 fidelium

340 3542 357 3566 “
381 3537 525 3610 tuorum,
559 3532 787 3618 solvemusquo
822 3533 936 3597 debita
974 3537 1034 3596 tua
1072 3532 1160 3597 infra
1194 3555 1318 3596 aunum
1351 3555 1393 3598 ex
1406 3532 1539 3608 Thebes

340 3644 356 3670 “
379 3641 492 3700 nostro
524 3635 667 3722 proprie,
690 3635 740 3698 ita
762 3641 875 3699 tamen
910 3640 949 3698 ut
971 3641 1122 3698 nostrum
1157 3634 1267 3700 levare
1289 3599 1522 3722 possi-iffltifli,

340 3745 357 3774 “
381 3759 454 3802 mus
488 3737 575 3802 infra
614 3737 885 3823 quinquennium.
934 3736 990 3802 Sic
1013 3738 1173 3802 familiam
1196 3745 1291 3803 tuam
1325 3749 1480 3847 non⁰¹'¹¹l

340 3849 357 3876 “
380 3841 567 3905 minuemus
601 3840 657 3905 sed
690 3840 978 3926 augmentabimus
1013 3840 1128 3904 multis
1151 3840 1325 3918 militibus,
1357 3815 1504 3906 otim

338 3952 356 3978 “
379 3944 443 4008 tibi
466 3951 502 4008 ct
534 3963 635 4029 regno
669 3947 728 4007 tuo
752 3964 882 4007 omnem
918 3941 1149 4008 adhibebimus
1182 3944 1390 4031 diligentiam

338 4055 356 4081 “
380 4049 415 4112 ot
437 4045 621 4112 custodiam
645 4045 761 4130 utique
785 4044 944 4111 fidelem.”

382 4148 567 4234 Adquievit
582 4147 629 4212 eis
654 4169 723 4226 rex,
739 4153 773 4212 et
789 4151 893 4213 certos
906 4147 994 4212 diem
1011 4153 1047 4213 et
1068 4148 1174 4213 locum
1190 4152 1390 4226 statuerunt,

339 4249 463 4317 scilieet
490 4249 656 4317 Oxoniam
688 4273 709 4316 a
731 4251 784 4316 die
808 4249 942 4316 Pascha
964 4249 1001 4313 in
1023 4272 1078 4315 xv.
1102 4250 1172 4315 dies
1195 4250 1255 4314 ubi
1277 4271 1390 4316 omnes

371 4507 378 4540 ¹
397 4506 509 4571 replerit,
532 4505 589 4556 MS.
613 4505 734 4569 wrongly.
770 4504 836 4554 Here
922 4502 931 4534 ³
950 4502 1027 4553 From
1038 4499 1087 4552 this
1098 4499 1169 4564 point
1184 4499 1226 4550 the
1237 4499 1393 4566 manuscript

337 4601 369 4636 on
381 4587 444 4636 both
464 4585 575 4650 margins
594 4583 615 4632 is
628 4583 671 4633 De
683 4583 837 4631 dissensione
887 4581 922 4630 A.
934 4580 956 4628 is
967 4578 1103 4630 continued
1115 4578 1141 4628 in
1153 4579 1257 4630 another
1268 4579 1342 4630 hand.

337 4667 492 4729 interregem
504 4669 528 4713 et
549 4663 656 4713 barones
668 4667 690 4710 ei
711 4660 742 4710 da
750 4661 842 4724 provi-¹
922 4659 932 4692 ⁴
949 4660 1018 4710 llere
1030 4675 1062 4709 ou
1082 4659 1180 4723 margin
1198 4659 1227 4710 ol
1239 4660 1273 4711 A.
1296 4660 1358 4726 only
1370 4659 1392 4712 is

336 4743 450 4796 sionibus
466 4743 587 4794 Osonioe.
889 4738 983 4789 Oratio
991 4737 1117 4789 baronum.

368 4822 379 4858 ²
395 4827 505 4884 mortem,
516 4823 572 4874 MS.
