3625 5784
617 909 888 964 usremrasuna
911 910 1122 964 cunourcou.
1333 896 1397 964 169

179 1104 313 1186 Ιῑεωιῦίι-
394 1107 479 1166 Circa
501 1111 565 1168 heae
587 1117 719 1186 tempora
753 1113 872 1187 quidam
906 1113 1073 1187 Stephanus
1106 1116 1277 1185 procurator
1298 1109 1399 1167 Ande·

178 1176 309 1292 ξωζῗι·
349 1199 454 1270 guriae,
494 1202 544 1274 qui
583 1203 636 1259 sub
668 1203 770 1260 diebus
808 1203 931 1260 Henriei
966 1201 1086 1259 secundi
1124 1208 1154 1259 et
1191 1200 1280 1273 hujus
1318 1199 1398 1272 regia

178 1256 315 1394 ,r'sysc‘ol
349 1288 468 1346 Ricardi
490 1291 650 1363 prudenter
672 1299 781 1366 egerat,
805 1292 973 1365 conjectans
995 1297 1095 1349 tamen
1118 1291 1237 1349 delicati
1267 1289 1397 1364 eorporis

178 1400 253 1447 2409,
319 1372 511 1453 'principem
534 1399 568 1438 ex
592 1383 681 1455 longo
713 1383 819 1440 itinere
842 1389 872 1439 et
894 1383 1024 1456 periculo
1046 1383 1095 1440 rel
1121 1399 1181 1438 non
1206 1381 1255 1438 vel
1278 1380 1396 1437 difficile

348 1487 430 1540 pesas
452 1473 567 1540 reverti,
591 1473 710 1529 absente
732 1491 801 1544 rege
824 1473 915 1546 coepit
937 1473 1009 1529 fines
1031 1471 1150 1528 ereditas
1165 1471 1222 1527 sibi
1243 1471 1397 1544 potestatis

347 1561 514 1630 petulanter
536 1563 682 1630 excedere,
697 1563 775 1620 unde
790 1569 821 1619 et
842 1552 1006 1618 suadente¹
1028 1562 1155 1635 quodam
1169 1559 1308 1617 familiari
1333 1577 1396 1626 sue,

347 1648 595 1720 nigromanticum
619 1653 763 1727 quendam
787 1643 939 1720 consulit,²
959 1657 1060 1707 utrum
1082 1670 1133 1708 rex
1157 1650 1301 1707 Ricardus
1321 1655 1398 1708 esset

346 1756 522 1796 reversurus.
569 1743 610 1797 At
633 1742 684 1798 ille
707 1743 817 1799 ducens
850 1741 1034 1815 Stephanum
1057 1741 1095 1797 ad
1117 1742 1214 1797 locum
1238 1746 1394 1808 secretum,

347 1829 474 1885 ostendit
527 1831 555 1887 ei
603 1837 691 1905 eaput
730 1851 844 1889 mireum
888 1833 999 1887 habeus
1049 1831 1187 1904 spiritum
1235 1831 1395 1898 inclusum,

347 1919 365 1944 “
390 1918 523 1989 Quoere‚”
547 1921 655 1994 inquit,
681 1923 700 1948 “
712 1923 748 1978 ab
771 1923 827 1978 isto
851 1939 918 1994 quae
939 1921 1076 1990 volueris,
1092 1921 1143 1978 sed
1165 1939 1258 1994 pauca
1280 1926 1311 1976 et
1333 1921 1395 1976 bre·

346 2009 365 2034 ‘⁸
389 2009 474 2077 viter,
500 2029 569 2067 nam
595 2011 633 2067 ad
663 2012 884 2085 multiloquium
906 2029 966 2067 non
998 2011 1178 2085 respondit.”
1224 1999 1303 2066 eui³
1325 2010 1394 2066 ille:

346 2100 364 2124 “
389 2099 470 2155 Num
492 2118 547 2172 ege
569 2103 686 2158 visurus
708 2121 772 2159 anm
796 2120 894 2174 regem
917 2102 1099 2159 Biennium?
1113 2101 1130 2128 '’
1176 2102 1216 2157 Et
1237 2099 1396 2174 respondit,

347 2190 365 2213 “
389 2189 611 2263 Nequaquam.”
657 2194 744 2260 Item,
762 2191 940 2262 “Quamdiu
962 2191 1080 2248 durabit
1094 2189 1310 2248 administratio
1332 2207 1397 2246 aua·

347 2279 364 2303 ¹⁸
389 2281 525 2352 cepta?'’
572 2283 744 2355 Respondit,
769 2283 898 2355 “Usque
928 2281 966 2337 ad
995 2287 1120 2339 mortem
1142 2281 1253 2337 tuam.”
1298 2280 1398 2338 Tertio

346 2369 482 2440 quaesivit
505 2371 670 2444 Stephanus
693 2373 743 2429 ubi
766 2377 841 2429 esset
863 2371 1049 2429 morit-urus?
1094 2373 1134 2429 Et
1147 2389 1318 2443 responsum
1341 2376 1396 2438 eat,

347 2461 366 2484 ‘⁸
390 2459 427 2514 ln
443 2461 571 2532 pluma”
616 2463 679 2519 Nec
702 2461 787 2519 licuit
809 2462 837 2518 ei
860 2463 985 2518 ulterius
1008 2480 1146 2535 quaerere,
1162 2461 1212 2517 aad
1226 2460 1364 2517 dimissus
1380 2480 1398 2516 a

345 2553 410 2604 rate
433 2551 574 2624 praecepit
596 2552 656 2608 anis
678 2571 715 2609 ne
738 2552 856 2626 quidem
878 2541 1035 2625 plumam⁴
1067 2552 1167 2624 aliqua
1198 2550 1347 2608 emuniens
1369 2551 1397 2607 ei

345 2640 532 2711 applicarent.
579 2641 676 2714 sloepit
698 2643 803 2698 exhinc
827 2643 1020 2698 confidentius
1043 2641 1129 2697 solito
1152 2658 1247 2712 agere,
1267 2640 1397 2696 subditos

346 2734 550 2797 contumaci
572 2731 696 2788 maxime
711 2731 856 2806 quendam
880 2731 917 2788 de
938 2731 1095 2796 nobilibus,
1111 2731 1163 2803 qui
1185 2730 1342 2803 aliquando
1365 2729 1397 2786 in

346 2825 473 2874 castrum
496 2839 582 2877 suum
605 2823 721 2894 fugiens
748 2822 860 2878 aiacis
894 2822 1036 2894 Stephani
1067 2819 1276 2894 persequentia,
1301 2821 1398 2893 ipsum

347 2907 528 2982 Stephanum
563 2911 762 2984 negligentius
800 2912 832 2968 in
863 2911 1014 2968 obsidione
1049 2911 1232 2967 oberrantem
1255 2909 1343 2982 cepit,
1367 2915 1398 2965 et

348 2998 491 3056 maiatum
514 3001 681 3060 trucidarit.
728 3001 857 3058 Munitio
892 3006 991 3058 antem
1027 3001 1080 3056 illa
1102 3001 1261 3056 vocabatur
1282 3000 1395 3056 Pluma

348 3089 453 3163 Sicqne
485 3091 582 3163 patuit
613 3091 761 3148 cavillatio
795 3091 916 3165 spiritus
954 3091 1093 3146 illusoris.
1141 3089 1244 3147 Simile
1270 3089 1398 3161 contigit

345 3178 381 3234 de
420 3179 577 3238 Sereberto
611 3181 807 3255 pseudopapa,
845 3186 934 3253 prout
971 3180 1105 3254 superins
1142 3187 1187 3236 eat
1218 3197 1395 3252 expressum.

347 3266 449 3326 Simile
472 3276 570 3328 antem
592 3277 729 3328 narratur
752 3272 787 3328 de
810 3271 948 3328 Alberico
971 3272 1077 3327 comite
1100 3269 1326 3337 Northimbrioe,
1343 3269 1396 3343 qui

346 3376 413 3415 cum
446 3365 522 3417 esset
560 3367 734 3435 prepotens,
767 3380 820 3418 auo
853 3367 934 3418 statu
970 3379 1030 3417 uon
1062 3365 1226 3428 contentus,
1262 3361 1395 3417 consulto

347 3448 478 3507 daemone
509 3451 624 3508 audivit
647 3453 724 3524 qnod
760 3453 904 3508 Graeeiam
937 3456 1013 3508 esset
1045 3469 1239 3524 possessurus,
1264 3449 1342 3506 unde
1365 3455 1396 3506 et

345 3545 442 3610 partes
474 3542 574 3598 adiens
606 3541 736 3608 orientis,
761 3533 816 3597 ἱιι5
839 3541 985 3598 Graeciam
1012 3541 1163 3612 ingressus
1187 3546 1242 3607 est,
1267 3559 1396 3615 cumque

346 3629 480 3685 auditum
503 3637 579 3688 esset
601 3651 619 3686 a
642 3631 761 3698 Graecis,
786 3632 865 3704 quod
899 3650 986 3704 super
1008 3649 1056 3687 eos
1078 3635 1228 3702 regnaret,
1251 3630 1395 3687 nudatum

346 3717 430 3775 illum
453 3720 537 3776 bonis
560 3721 695 3777 omnibus
718 3721 753 3777 dc
777 3721 884 3777 finibus
899 3721 960 3776 suia
983 3721 1168 3792 expulerunt.
1217 3721 1288 3777 Post
1302 3739 1394 3778 annos

346 3809 458 3881 aliquos
480 3811 572 3867 fessus
602 3812 690 3867 homo
722 3810 772 3867 ille
795 3811 943 3868 laboribus
965 3815 995 3866 et
1018 3811 1157 3866 [erumnis
1181 3811 1396 3867 Narmanniam

346 3899 384 3953 ad
413 3917 512 3972 regem
545 3901 707 3958 Henrienm
730 3901 814 3968 adiit,
850 3919 867 3956 a
902 3919 960 3973 qno
986 3901 1116 3956 nobilem
1140 3901 1262 3957 viduam
1285 3900 1397 3973 recepit

347 3988 379 4043 in
402 3989 564 4062 conjugem
612 3991 657 4047 Ac
691 4008 757 4048 cum
794 3991 824 4046 iu
859 3989 1065 4047 benedictione
1096 3990 1226 4063 nuptiali
1260 3991 1396 4047 sacerdos

347 4085 490 4150 quaereret
512 4099 529 4136 a
551 4079 683 4147 muliere,
708 4080 760 4148 sio,
794 4083 814 4106 ‘⁸
827 4079 955 4136 Domina
978 4079 1092 4136 Graecia
1115 4081 1316 4153 complaeetne
1339 4079 1396 4136 tibi

348 4169 368 4195 “
392 4168 425 4224 in
446 4169 510 4225 rire
541 4160 676 4227 inoffi
730 4169 863 4242 Agnovit
898 4169 1053 4227 Albericna
1086 4169 1246 4226 versutiam
1277 4169 1399 4242 spiritua

347 4256 484 4327 illusoria,
515 4261 566 4333 qui
596 4265 724 4317 mentem
755 4259 883 4317 hominis
922 4259 1060 4331 cupidam
1097 4249 1212 4316 erexit⁷
1243 4258 1277 4313 in
1314 4276 1398 4331 spem

348 4435 604 4447 ——-.-—-—-——-
621 4435 771 4446 -——--u——
782 4436 918 4443 —-—-.---
929 4435 1036 4441 ——-
1062 4433 1229 4443 10--0—10—--
1240 4429 1356 4437 ffl—
1373 4434 1398 4442 -ι

382 4546 390 4580 ¹
408 4547 467 4610 cibi,
478 4549 535 4599 add.
547 4547 625 4615 Higd.
933 4542 944 4576 ⁸
961 4543 1003 4610 in]
1026 4559 1076 4595 om.
1090 4542 1167 4612 Εἰμὶ.

382 4627 393 4660 ²
409 4627 542 4690 manduit,
554 4626 632 4694 lligd.
934 4623 946 4656 ⁸
963 4623 1022 4691 illo]
1042 4624 1099 4684 isto,
1112 4623 1188 4692 Higd.

381 4707 476 4774 ”Can
496 4711 571 4768 Tum,
581 4706 660 4774 fligi.
935 4702 1087 4764 ⁷erexerac,
1099 4703 1176 4770 Higd.

381 4786 506 4852 *quidem
530 4783 657 4852 plainam]
694 4782 755 4848 qnid
793 4781 851 4848 pln-

349 4865 535 4934 meum,iiigd.
