3625 5784
427 904 491 970 160
760 913 907 968 unsaros
931 909 1114 965 unrosron

429 1117 549 1168 cunctos
571 1113 746 1170 molestavit
793 1114 939 1170 Parantur
960 1113 1080 1169 interim
1111 1112 1199 1167 multi
1221 1110 1260 1167 ad
1280 1112 1476 1167 transfretan-

430 1201 501 1256 dum
517 1209 547 1260 et
561 1222 661 1275 regem
678 1204 925 1276 interpellandum
948 1209 1049 1260 eontra
1072 1191 1280 1259 communeml
1303 1207 1475 1274 tyrannum,

431 1291 482 1347 sed
504 1298 535 1348 et
568 1293 619 1350 ille
652 1299 771 1350 cunctos
804 1293 986 1366 praeveniens
1016 1293 1079 1349 roti
1117 1309 1234 1364 compos
1268 1293 1389 1347 effectus
1419 1295 1473 1356 est,

430 1381 512 1453 prius
534 1383 622 1438 rediit
658 1401 745 1455 quam
778 1384 877 1440 ceteri
899 1400 999 1455 regem
1035 1383 1220 1453 attigissent3
1244 1381 1344 1436 literas
1377 1385 1477 1436 tamen

430 1470 545 1527 votivas
568 1473 666 1529 caeteri
690 1473 928 1546 impetraverunt.
977 1472 1106 1542 Quorum
1129 1470 1241 1544 primus
1264 1469 1478 1526 Linooluiensis

431 1560 582 1634 opiscopus
612 1563 738 1630 rediens,
762 1563 943 1619 Willelmum
978 1562 1147 1619 Heliensem
1169 1578 1260 1633 usque
1292 1545 1477 1616 bineolniam

431 1653 622 1723 prosequitur.
657 1651 824 1722 Praeiigitur
839 1652 901 1708 dies
916 1651 994 1724 apud
1017 1657 1144 1707 castrum
1167 1651 1203 1706 de
1225 1639 1337 1705 Tiku1²
1358 1666 1478 1720 respon-

431 1739 529 1808 dendi,
553 1743 603 1796 ubi
626 1759 690 1796 cum
716 1741 920 1798 Duuelmensis
951 1740 1124 1807 advenisset,
1147 1741 1190 1796 ait
1213 1740 1340 1796 adeum
1363 1739 1478 1795 Willel·

431 1846 506 1896 mus,
531 1832 625 1902 “Ego
648 1836 678 1887 te
701 1829 793 1904 capio,
816 1849 877 1886 non
899 1831 1008 1904 praesul
1031 1831 1195 1903 praesulem,
1213 1829 1264 1885 sed
1286 1828 1475 1885 cancellarius
1488 1806 1634 1929 mm·

433 1919 452 1944 ‘⁸
478 1921 678 1986 castellanum,
703 1921 795 1976 donec
817 1921 932 1976 obsides
953 1920 1068 1976 dederis
1090 1921 1126 1976 de
1148 1919 1238 1991 regiis
1261 1918 1388 1974 castellis
1410 1918 1474 1974 red·
1555 1911 1563 1928 '

433 2009 452 2034 “
478 1999 609 2066 dendis.’'
656 2009 746 2065 Fama
761 2009 915 2066 facinorosi
932 2008 1225 2080 WillelmiAugliam
1240 2009 1375 2082 replerit,
1398 2008 1476 2064 unde

431 2095 555 2168 majores
577 2098 609 2153 iu
624 2116 691 2155 eum
714 2099 852 2166 fremunt,
869 2099 996 2156 minores
1018 2100 1096 2155 mala
1110 2088 1285 2171 increpant?
1329 2099 1477 2154 Jobannes

431 2187 509 2258 regis
546 2187 636 2244 frater
667 2188 703 2244 de
741 2189 874 2261 captione
912 2189 1011 2244 fratris
1047 2189 1094 2246 sui
1126 2188 1252 2244 Galfridi
1289 2187 1478 2244 Eboracensis

431 2276 517 2332 electi
539 2279 665 2333 multum
687 2283 858 2345 commotus,
882 2278 984 2335 accitis
1006 2278 1044 2335 ad
1074 2295 1105 2334 se
1127 2277 1164 2333 de
1186 2278 1246 2334 suis
1268 2276 1426 2350 provinciis
1448 2280 1479 2332 et

432 2383 468 2422 cx
490 2366 685 2424 wallensibus
718 2367 887 2439 ingentibus
917 2367 1009 2441 copiis
1043 2386 1111 2424 cum
1140 2367 1291 2423 nonnullis
1324 2367 1477 2440 episcopis,

432 2473 616 2512 communem
632 2462 789 2530 tyrannum
805 2476 822 2514 a
836 2457 1000 2531 Wyudcsor
1014 2475 1106 2530 usque
1119 2456 1226 2512 turrim
1248 2455 1480 2512 londoniensem

432 2551 463 2602 ct
486 2545 554 2602 inde
577 2563 668 2620 usque
691 2547 847 2604 Dororiam
871 2547 1049 2620 profugavit,
1072 2547 1125 2602 ubi
1146 2548 1255 2602 timens
1286 2546 1342 2601 sibi
1364 2545 1480 2601 Willel·

432 2652 498 2690 mus
532 2654 570 2692 ne
601 2655 662 2692 non
694 2636 784 2694 libere
814 2643 912 2709 posset
949 2637 1138 2692 transfretare
1176 2636 1208 2692 in
1238 2624 1480 2709 pontificalibus,⁴

432 2731 542 2782 restem
558 2725 742 2799 superinduit
764 2725 944 2793 muliebrem,
971 2715 1139 2798 caputque³
1153 2731 1184 2781 et
1204 2725 1344 2797 majorem
1367 2729 1480 2797 partem

432 2814 518 2870 fecici
564 2816 650 2888 peplo
692 2815 919 2872 circumvolutus
965 2814 1170 2872 deambulabat
1206 2815 1238 2870 in
1282 2816 1368 2870 litore
1405 2814 1480 2870 laevo

433 2904 550 2960 brachio
573 2907 662 2960 telam
692 2905 810 2972 lineam,
835 2909 975 2977 tanquam
997 2905 1141 2973 uenalem,
1165 2906 1267 2960 ulnam
1288 2923 1358 2960 vero
1390 2921 1481 2958 manu

433 2993 533 3050 dextra
556 2995 658 3064 ferens,
681 3001 715 3051 ut
747 2995 803 3052 hac
836 3001 899 3052 arte
922 2986 982 3050 no'n
1014 2994 1212 3051 consideratus
1235 2993 1350 3049 facilius
1383 2999 1480 3049 mans-

432 3083 559 3140 fretaret.
614 3083 657 3141 At
695 3085 764 3140 dum
799 3085 887 3140 telam
926 3103 1008 3140 suam
1045 3102 1126 3140 more
1159 3083 1285 3140 femineo
1322 3083 1482 3139 distrahere

434 3175 568 3241 nesciret,
592 3174 793 3246 perverenda
827 3179 1023 3230 contrectatus
1046 3173 1240 3246 ignominiose
1263 3174 1395 3230 demotus
1428 3178 1481 3228 est.

434 3264 502 3334 Ipso
525 3263 644 3320 taudem
677 3264 852 3334 enavigaute
886 3263 971 3336 regni
1002 3262 1219 3320 administratio
1252 3261 1483 3334 Rothomagensi

433 3353 659 3425 archiepiscopo,
682 3371 750 3424 rege
773 3351 809 3409 de
845 3353 947 3409 Sicilie
977 3353 1020 3408 sic
1051 3352 1219 3419 mandente,
1243 3352 1397 3409 commissa
1426 3357 1482 3418 est,

432 3460 546 3498 necnon
570 3432 776 3498 Batoniensis⁶
799 3441 999 3515 episcopusin
1022 3442 1272 3515 archiepiscopum
1295 3443 1404 3498 electus
1426 3447 1481 3498 est.

434 3531 492 3587 Sed
523 3531 613 3587 etiem
654 3531 717 3604 ipso
755 3536 930 3604 praemature
945 3581 949 3593 ,
967 3532 1105 3588 defuncto
1139 3532 1305 3589 Willelmus
1338 3531 1485 3587 Heliensis

434 3621 625 3676 fortissimum
649 3619 686 3677 ad
708 3611 813 3676 hunc⁷
835 3621 1010 3693 rescriptum
1032 3640 1051 3677 a
1073 3640 1149 3695 papa
1172 3621 1317 3680 celestino
1347 3621 1483 3693 impetra·

433 3709 488 3776 vit,
511 3709 635 3765 redditis
666 3709 723 3766 sibi
745 3709 879 3782 pristinis
902 3712 1070 3784 apostoliea
1086 3711 1163 3768 sedis
1185 3711 1299 3767 vicibus
1323 3711 1407 3785 qnasi
1430 3727 1483 3782 pro

433 3799 612 3856 meliorando
636 3797 800 3871 Anglorum
830 3819 922 3872 ragno
953 3807 984 3858 et
1013 3802 1148 3858 Jobanne
1170 3789 1350 3857 coercend0⁸
1373 3799 1425 3872 qui
1447 3797 1485 3854 od

433 3907 557 3960 regnum
589 3889 688 3945 fratris
710 3890 838 3946 absentis
872 3890 1001 3964 aspirare
1024 3891 1184 3948 videbatur.
1232 3889 1291 3946 Sed
1317 3895 1348 3945 et
1370 3889 1403 3944 in
1424 3888 1483 3944 biis

433 3979 588 4034 imnis-atus
619 3977 695 4034 datis
717 3979 887 4036 muneribus
910 3969 966 4036 ac⁰
988 3981 1092 4036 saltem
1125 3979 1210 4036 saetis
1232 3978 1394 4035 commissis
1416 3995 1484 4034 cum

434 4067 567 4126 Jobenue
599 4067 724 4136 collusit,
761 4069 811 4125 sad
842 4070 960 4126 frustra.
1005 4069 1083 4126 Nam
1115 4069 1185 4126 licet
1215 4068 1294 4140 apud
1327 4068 1485 4124 Dovoriam

433 4159 537 4214 erectis
574 4158 732 4230 legationis
755 4176 816 4215 suae
838 4159 977 4230 insigniis
1005 4158 1069 4230 jam
1092 4159 1292 4232 applicuisset,
1316 4162 1417 4214 tamen
1438 4176 1485 4214 re·

433 4246 503 4319 gina
519 4236 694 4314 Elianore,¹⁰
710 4253 741 4304 et
756 4247 966 4321 archiepiscopi
983 4247 1229 4320 Rotbomageusis
1243 4253 1274 4304 et
1297 4246 1486 4304 Eboraeensis

464 4441 473 4474 ¹
490 4456 645 4500 cornmnnem,
665 4439 729 4491 from
748 4438 842 4505 Higd.;
860 4438 934 4489 comi·
1018 4437 1183 4505 ⁵caputque]
1204 4439 1256 4503 qui,
1267 4439 1347 4506 Higd.

431 4525 485 4580 lent,
498 4521 551 4568 MS.
1018 4516 1029 4549 ⁶
1046 4517 1238 4578 liutharienses,
1251 4520 1327 4585 Higd.

464 4597 474 4629 ²
497 4597 618 4662 Tllkhrell,
634 4597 710 4662 Hipd.
1017 4594 1171 4661 tedtarrc]
1193 4597 1376 4663 adhuc,llig1l.

465 4677 475 4710 ³
491 4678 675 4742 imprecantur,
688 4675 766 4740 Higd.
1017 4673 1029 4707 ⁸
1045 4673 1208 4736 cohercenda,
1220 4676 1275 4726 MS.

466 4758 476 4790 ⁴
494 4758 522 4807 iu
531 4755 738 4822 pontificalibus]
783 4751 933 4818 pontificali-
1016 4753 1088 4818 ⁹ac]
1108 4761 1161 4813 aut,
1174 4752 1253 4818 Higd.

430 4836 551 4900 buasuis,
563 4835 639 4903 lligd.
1018 4831 1037 4864 ¹⁰
1053 4832 1189 4896 Alieniore,
1200 4832 1278 4902 ffigs
