3625 5784
427 924 492 990 148
769 936 913 988 aramei
937 933 1120 985 nurouron

426 1121 546 1187 Dictus
568 1143 647 1186 vero
670 1121 835 1186 Robertus
854 1121 944 1207 jacet
967 1121 1003 1186 in
1033 1121 1231 1187 monasterio
1254 1119 1482 1206 Leyeestrensi

427 1224 463 1288 in
496 1224 623 1310 pariete
660 1224 778 1290 dextro
816 1246 926 1290 coram
958 1245 1077 1310 magno
1110 1224 1209 1290 altari
1241 1245 1329 1289 anno
1362 1223 1479 1310 gratiae

427 1343 574 1392 arcaxffl.
620 1328 690 1392 Iste
713 1328 876 1393 Henricus
906 1349 966 1393 rex
989 1327 1062 1412 xvj⁰
1084 1349 1170 1393 anno
1201 1328 1294 1414 regni
1317 1327 1369 1391 sui
1400 1324 1482 1390 fecit

428 1428 535 1493 filium
578 1451 676 1493 suum
720 1430 902 1494 Henricum
941 1429 1089 1495 coronari
1127 1429 1216 1514 apud
1259 1427 1482 1494 Westmonas-

261 1537 417 1593 coronarier
430 1531 551 1597 terium
582 1533 625 1597 ab
659 1531 902 1618 archiepiscopo
937 1531 1134 1596 Eboraeensi
1167 1531 1305 1618 Rogero,
1339 1536 1373 1596 et
1405 1534 1482 1616 post
1582 1539 1586 1547 '

259 1607 396 1723 :gfgfm’
430 1633 672 1698 coronationem
689 1633 846 1697 transivit
867 1637 963 1718 pater
986 1632 1149 1698 Henricus
1172 1631 1208 1696 in
1231 1631 1265 1696 N
1267 1631 1481 1696 ormanniam.

260 1740 350 1804 Honrr
360 1739 398 1790 11.
475 1734 573 1799 Anno
595 1755 674 1798 vero
695 1733 781 1818 xvij⁰
803 1733 894 1818 regni
918 1733 970 1797 sui
994 1733 1135 1799 Thomas
1170 1733 1396 1798 martirizatus
1419 1737 1479 1796 est.

430 1836 559 1900 Deinde
574 1836 661 1900 infra
677 1834 889 1919 [biennium]¹
909 1835 1072 1901 chricus
1089 1835 1218 1920 juvenis
1234 1857 1292 1899 rex
1308 1839 1482 1900 coronatus

429 1937 599 2004 inchoavit
635 1959 787 2024 guerram
824 1944 940 2003 contra
985 1947 1111 2024 patrem
1151 1961 1246 2004 suum
1286 1961 1360 2003 cum
1405 1960 1480 2024 rege

430 2042 576 2106 Franciae
600 2047 634 2106 et
656 2040 814 2104 fratribus
836 2040 912 2105 suis
960 2040 1025 2104 Sed
1048 2045 1143 2126 pater
1175 2040 1341 2106 Henricus
1365 2062 1477 2106 omnes

430 2145 599 2230 superavit
621 2151 656 2208 et
686 2143 858 2208 victoriam
883 2143 1039 2228 optinuit.
1089 2143 1174 2208 Dum
1206 2144 1309 2229 igitur
1340 2144 1479 2208 instaret

261 2259 385 2311 nearhor
430 2247 519 2311 dicta
550 2267 675 2332 guerra,
711 2245 876 2310 Henricus
894 2245 1029 2329 juvenis
1061 2267 1120 2310 rex
1143 2251 1293 2310 mortuus
1316 2251 1386 2326 est3
1420 2245 1477 2310 sed

260 2327 506 2460 ffiffiffifante
529 2354 667 2412 mortem
691 2370 767 2413 vere
801 2347 966 2433 poenitens
988 2347 1065 2425 fuit,
1088 2355 1123 2412 et
1158 2348 1414 2414 misericordiam
1444 2352 1479 2412 et

427 2452 559 2517 veniam
581 2471 602 2515 a
624 2455 717 2536 patre
739 2447 825 2514 suo²
846 2449 1000 2534 optinuit

472 2563 538 2619 Hoc
575 2579 689 2634 qnoque
729 2578 806 2617 anno
848 2559 914 2630 xiij.
953 2559 1143 2616 kalendarum
1183 2560 1362 2634 Septembris
1399 2560 1477 2634 apud
1494 2553 1557 2604 stem
1570 2551 1626 2605 Cis·

429 2653 601 2717 Eboracum,
624 2651 790 2706 Willelmus
820 2667 871 2705 rex
904 2649 1010 2705 Scotiae
1034 2649 1069 2705 de
1092 2667 1233 2706 consensu
1263 2669 1415 2722 procerum
1446 2657 1476 2706 et
1490 2619 1637 2754 ἷῐῗῃξωρψ

427 2743 614 2814 praelatorum
637 2759 756 2796 suornm
789 2740 860 2795 fecit
892 2739 1064 2811 homagium
1086 2729 1174 2810 regi8
1206 2739 1343 2796 Henrico,
1390 2740 1475 2796 Cavit
1489 2757 1529 2805 aa,

427 2834 516 2888 etiam
539 2832 617 2886 idem
639 2849 690 2886 rex
713 2830 878 2886 Willelmus
909 2827 1002 2883 literis
1028 2828 1088 2884 suis
1111 2829 1288 2902 patentibus,
1313 2829 1390 2901 quod
1413 2828 1473 2902 ipso
1489 2846 1630 2911 Hegesia,

425 2927 456 2977 et
487 2939 663 2977 successores
695 2919 740 2974 sui
763 2925 793 2975 et
825 2918 959 2974 homines
985 2919 1091 2974 Scotire
1127 2920 1256 2975 facerent
1290 2919 1472 2991 homagium,
1489 2917 1578 2964 ΜΟ·

425 3011 630 3082 ligiamentum
662 3015 692 3066 et
725 3009 896 3064 fidelitatem
929 3009 1048 3079 regibus
1070 3008 1190 3080 Angliae
1224 3009 1357 3081 quotiens
1388 3027 1475 3081 super

425 3101 481 3156 hoo
517 3101 743 3173 requirerentur,
782 3104 813 3154 et
851 3099 882 3152 in
917 3097 1035 3168 signum
1072 3097 1161 3169 hujus
1198 3097 1387 3170 subjectionis
1423 3116 1474 3153 rex

426 3190 533 3246 Scotiae
556 3189 665 3262 optulit
687 3188 831 3260 capellum
853 3193 883 3242 et
916 3188 1018 3242 sellam
1042 3205 1123 3242 suam
1157 3205 1243 3260 super
1266 3189 1357 3244 altare
1380 3188 1472 3244 sancti

424 3279 504 3334 Petri
537 3279 569 3333 in
590 3277 711 3333 ccclesia
733 3276 918 3342 Eboracensi‚
943 3295 1008 3348 quta
1041 3276 1150 3332 ibidem
1173 3295 1263 3349 usque
1294 3277 1380 3334 hodie
1403 3296 1473 3334 con·

423 3373 586 3424 servantur.
631 3369 670 3423 Et
692 3366 863 3439 adjecerunt
898 3384 1030 3437 proceres
1054 3366 1160 3422 Scotiae
1195 3385 1262 3422 cum
1293 3365 1471 3438 juramento,

424 3458 502 3529 quod
524 3455 548 3511 si
572 3456 728 3529 aliquando
751 3475 802 3510 rex
826 3455 932 3510 Scotiae
957 3475 974 3510 a
997 3453 1138 3512 fidelitate
1168 3455 1308 3528 praedicta
1337 3457 1473 3523 resiliret,

424 3546 481 3618 ipsi
518 3552 621 3601 contra
654 3563 752 3616 regern
792 3544 901 3600 Scotiae
940 3545 1126 3616 insurgerent
1160 3546 1251 3601 donec
1284 3546 1472 3618 resipisceret.

423 3636 515 3706 Quam
559 3636 677 3707 quidem
709 3633 946 3706 compositionem
979 3634 1137 3704 Gregorius
1175 3653 1250 3708 papa
1286 3635 1318 3691 in
1353 3635 1474 3692 diversis

421 3724 571 3797 rescriptis
614 3725 733 3795 regibus
771 3723 891 3794 Angliae
938 3729 967 3778 et
1007 3723 1116 3780 Scotiae
1155 3725 1275 3780 directis
1321 3726 1473 3781 mandavit

422 3813 546 3870 firmiter
568 3814 722 3870 observari.
770 3815 808 3867 Et
838 3813 875 3867 ad
905 3813 1129 3869 declarationem
1164 3812 1253 3885 hujus
1284 3814 1472 3886 subjectionis

421 3923 471 3960 rex
495 3904 603 3960 Scotiae
626 3921 692 3958 cum
716 3901 847 3974 praelatis
869 3903 931 3958 suis
953 3903 1034 3958 venit
1065 3903 1103 3957 ad
1136 3904 1363 3976 parliamentum
1393 3905 1471 3976 regis

420 3993 543 4050 Henrici
575 3991 652 4065 apud
685 3993 892 4060 Nortbamton,
932 3997 962 4047 et
994 3996 1060 4064 post
1097 3995 1160 4051 haee
1192 3993 1274 4050 venit
1304 3993 1342 4049 ad
1371 4013 1470 4066 regem

421 4081 584 4138 Henricum
606 4084 639 4138 in
661 4083 852 4138 Normannia.

466 4173 530 4228 Hoc
563 4173 653 4228 etiam
686 4190 762 4227 anno
786 4175 934 4226 annuente
965 4189 1036 4242 rege
1066 4177 1226 4228 conventus
1249 4172 1469 4230 cantuariensis

421 4262 512 4333 elegit
542 4262 662 4317 fratrem
701 4260 859 4316 Ricardum
898 4259 1107 4316 Dororiensem
1145 4263 1270 4333 priorem
1303 4262 1334 4318 in
1371 4265 1467 4320 archi·
1482 4261 1566 4327 Twys.
1579 4265 1628 4316 col.

419 4352 598 4425 episcopum,
622 4350 672 4406 cui
694 4349 748 4405 sub
771 4367 849 4406 anno
879 4349 1024 4420 pontificii
1046 4349 1091 4421 xj⁰
1114 4351 1248 4424 apparuit
1279 4352 1414 4410 dominns
1436 4354 1468 4410 in
1482 4333 1556 4382 ²³⁹⁷·

417 4442 493 4508 visu,
518 4441 626 4506 dicens,
662 4440 737 4495 “'I'u
772 4439 919 4511 dissipasti
960 4439 1037 4495 bona
1074 4440 1201 4496 ecclesie
1235 4459 1319 4509 mea,
1352 4449 1382 4498 et
1415 4461 1469 4515 ego

419 4534 437 4557 ‘¹
462 4531 612 4602 extirpato
627 4535 656 4584 to
679 4530 714 4584 de
729 4531 837 4584 torrn.”
883 4527 957 4584 Inde
972 4530 1142 4600 perterritus
1158 4529 1230 4585 obiit
1245 4538 1311 4602 post
1333 4533 1388 4588 hoc
1404 4532 1471 4604 viij⁰

449 4793 554 4843 1Ἑτοιιι
578 4792 621 4852 Δ.,
641 4789 722 4842 where
740 4791 783 4842 the
807 4792 875 4843 word
897 4791 919 4842 is
1005 4789 1085 4852 ²stro,
1098 4795 1179 4844 above
1190 4795 1234 4846 the
1245 4794 1296 4848 line
1308 4795 1334 4847 in
1346 4798 1378 4848 A.

417 4889 477 4940 very
488 4869 626 4922 indistinet.
1005 4869 1015 4902 ³
1033 4871 1145 4939 Artplioe,
1157 4883 1214 4940 poet
1226 4878 1289 4941 regri,
1300 4878 1357 4929 add
1370 4879 1448 4949 Higd.
