<?xml version="1.0" encoding="UTF-8"?>
<!DOCTYPE html PUBLIC "-//W3C//DTD XHTML 1.0 Transitional//EN"
    "http://www.w3.org/TR/xhtml1/DTD/xhtml1-transitional.dtd">
<html xmlns="http://www.w3.org/1999/xhtml" xml:lang="en" lang="en">
 <head>
  <title>
</title>
<meta http-equiv="Content-Type" content="text/html;charset=utf-8" />
  <meta name='ocr-system' content='tesseract 3.04.00' />
  <meta name='ocr-capabilities' content='ocr_page ocr_carea ocr_par ocr_line ocrx_word'/>
</head>
<body>
  <div class='ocr_page' id='page_1' title='image "./chroniconhenric00lumbgoog_0450.png"; bbox 0 0 3625 5784; ppageno 0'>
   <div class='ocr_carea' id='block_1_1' title="bbox 586 860 1357 932">
    <p class='ocr_par' dir='ltr' id='par_1_1' title="bbox 586 860 1357 932">
     <span class='ocr_line' id='line_1_1' title="bbox 586 860 1357 932; baseline 0.012 -9"><span class='ocrx_word' id='word_1_1' title='bbox 586 874 857 927; x_wconf 80' lang='lat' dir='ltr'><strong>nnrcrsrsmsrs</strong></span> <span class='ocrx_word' id='word_1_2' title='bbox 878 877 1092 931; x_wconf 76' lang='lat' dir='ltr'><strong>onnomoou.</strong></span> <span class='ocrx_word' id='word_1_3' title='bbox 1291 860 1357 932; x_wconf 77' lang='lat'><strong>42⁷</strong></span> 
     </span>
    </p>
   </div>
   <div class='ocr_carea' id='block_1_2' title="bbox 132 1055 1526 2784">
    <p class='ocr_par' dir='ltr' id='par_1_2' title="bbox 132 1055 1526 2784">
     <span class='ocr_line' id='line_1_2' title="bbox 300 1055 1358 1148; baseline 0.005 -26"><span class='ocrx_word' id='word_1_4' title='bbox 300 1055 430 1123; x_wconf 90' lang='lat' dir='ltr'><strong>Deinde</strong></span> <span class='ocrx_word' id='word_1_5' title='bbox 467 1056 556 1123; x_wconf 80' lang='lat' dir='ltr'><strong>infra</strong></span> <span class='ocrx_word' id='word_1_6' title='bbox 591 1057 692 1124; x_wconf 85' lang='lat' dir='ltr'><strong>breve</strong></span> <span class='ocrx_word' id='word_1_7' title='bbox 723 1059 835 1125; x_wconf 82' lang='lat' dir='ltr'><strong>aaetsri</strong></span> <span class='ocrx_word' id='word_1_8' title='bbox 866 1064 1040 1148; x_wconf 84' lang='lat' dir='ltr'><strong>magnates</strong></span> <span class='ocrx_word' id='word_1_9' title='bbox 1074 1061 1175 1127; x_wconf 84' lang='lat' dir='ltr'><strong>traoti</strong></span> <span class='ocrx_word' id='word_1_10' title='bbox 1208 1065 1289 1127; x_wconf 90' lang='lat' dir='ltr'><strong>sunt</strong></span> <span class='ocrx_word' id='word_1_11' title='bbox 1323 1065 1358 1127; x_wconf 91' lang='lat' dir='ltr'><strong>et</strong></span> 
     </span>
     <span class='ocr_line' id='line_1_3' title="bbox 300 1160 1356 1250; baseline 0.003 -25"><span class='ocrx_word' id='word_1_12' title='bbox 300 1161 451 1247; x_wconf 80' lang='lat' dir='ltr'>suspensi</span> <span class='ocrx_word' id='word_1_13' title='bbox 473 1160 670 1249; x_wconf 76' lang='lat' dir='ltr'><strong>singillatim</strong></span> <span class='ocrx_word' id='word_1_14' title='bbox 692 1164 921 1249; x_wconf 86' lang='lat' dir='ltr'><strong>unusquisque</strong></span> <span class='ocrx_word' id='word_1_15' title='bbox 945 1164 981 1227; x_wconf 93' lang='lat' dir='ltr'><strong>in</strong></span> <span class='ocrx_word' id='word_1_16' title='bbox 1003 1164 1138 1250; x_wconf 89' lang='lat' dir='ltr'><strong>propria</strong></span> <span class='ocrx_word' id='word_1_17' title='bbox 1160 1164 1270 1249; x_wconf 89' lang='lat' dir='ltr'><strong>patria</strong></span> <span class='ocrx_word' id='word_1_18' title='bbox 1293 1164 1356 1231; x_wconf 89' lang='lat' dir='ltr'><strong>sub</strong></span> 
     </span>
     <span class='ocr_line' id='line_1_4' title="bbox 300 1263 1359 1352; baseline 0.003 -23"><span class='ocrx_word' id='word_1_19' title='bbox 300 1263 493 1329; x_wconf 88' lang='lat' dir='ltr'><strong>testimonio</strong></span> <span class='ocrx_word' id='word_1_20' title='bbox 515 1264 602 1351; x_wconf 85' lang='lat' dir='ltr'><strong>regis</strong></span> <span class='ocrx_word' id='word_1_21' title='bbox 624 1269 659 1330; x_wconf 87' lang='lat' dir='ltr'><strong>et</strong></span> <span class='ocrx_word' id='word_1_22' title='bbox 680 1264 965 1352; x_wconf 88' lang='lat' dir='ltr'><strong>Dispensatorum‚</strong></span> <span class='ocrx_word' id='word_1_23' title='bbox 988 1266 1046 1351; x_wconf 91' lang='lat' dir='ltr'><strong>qui</strong></span> <span class='ocrx_word' id='word_1_24' title='bbox 1076 1267 1238 1332; x_wconf 79' lang='lat' dir='ltr'><strong>terminus</strong></span> <span class='ocrx_word' id='word_1_25' title='bbox 1260 1288 1359 1332; x_wconf 81' lang='lat' dir='ltr'><strong>voea-</strong></span> 
     </span>
     <span class='ocr_line' id='line_1_5' title="bbox 300 1366 1357 1452; baseline 0.003 -21"><span class='ocrx_word' id='word_1_26' title='bbox 300 1369 359 1431; x_wconf 91' lang='lat' dir='ltr'><strong>tur</strong></span> <span class='ocrx_word' id='word_1_27' title='bbox 384 1366 431 1432; x_wconf 90' lang='lat' dir='ltr'><strong>Le</strong></span> <span class='ocrx_word' id='word_1_28' title='bbox 456 1368 532 1452; x_wconf 85' lang='lat' dir='ltr'><strong>Roy</strong></span> <span class='ocrx_word' id='word_1_29' title='bbox 562 1367 729 1448; x_wconf 80' lang='lat' dir='ltr'><strong>Reoorde5</strong></span> <span class='ocrx_word' id='word_1_30' title='bbox 760 1367 886 1435; x_wconf 83' lang='lat' dir='ltr'><strong>scilieet</strong></span> <span class='ocrx_word' id='word_1_31' title='bbox 918 1368 1071 1433; x_wconf 91' lang='lat' dir='ltr'><strong>dominus</strong></span> <span class='ocrx_word' id='word_1_32' title='bbox 1103 1368 1357 1435; x_wconf 89' lang='lat' dir='ltr'><strong>Bartholomeus</strong></span> 
     </span>
     <span class='ocr_line' id='line_1_6' title="bbox 301 1467 1356 1555; baseline 0.003 -23"><span class='ocrx_word' id='word_1_33' title='bbox 301 1467 342 1532; x_wconf 86' lang='lat' dir='ltr'><strong>de</strong></span> <span class='ocrx_word' id='word_1_34' title='bbox 375 1467 597 1545; x_wconf 87' lang='lat' dir='ltr'><strong>Baddismere,</strong></span> <span class='ocrx_word' id='word_1_35' title='bbox 631 1474 666 1533; x_wconf 88' lang='lat' dir='ltr'><strong>et</strong></span> <span class='ocrx_word' id='word_1_36' title='bbox 697 1468 851 1534; x_wconf 89' lang='lat' dir='ltr'><strong>dominus</strong></span> <span class='ocrx_word' id='word_1_37' title='bbox 883 1469 1137 1536; x_wconf 89' lang='lat' dir='ltr'><strong>Bartholomeus</strong></span> <span class='ocrx_word' id='word_1_38' title='bbox 1161 1470 1201 1535; x_wconf 89' lang='lat' dir='ltr'><strong>de</strong></span> <span class='ocrx_word' id='word_1_39' title='bbox 1226 1468 1356 1555; x_wconf 87' lang='lat' dir='ltr'><strong>Ayche-</strong></span> 
     </span>
     <span class='ocr_line' id='line_1_7' title="bbox 300 1568 1526 1657; baseline 0.005 -24"><span class='ocrx_word' id='word_1_40' title='bbox 300 1568 466 1636; x_wconf 87' lang='lat' dir='ltr'><strong>burnham</strong></span> <span class='ocrx_word' id='word_1_41' title='bbox 503 1571 593 1657; x_wconf 87' lang='lat' dir='ltr'><strong>apud</strong></span> <span class='ocrx_word' id='word_1_42' title='bbox 626 1569 852 1649; x_wconf 80' lang='lat' dir='ltr'><strong>Cantauriam,</strong></span> <span class='ocrx_word' id='word_1_43' title='bbox 890 1571 1043 1637; x_wconf 89' lang='lat' dir='ltr'><strong>dominns</strong></span> <span class='ocrx_word' id='word_1_44' title='bbox 1082 1570 1277 1638; x_wconf 81' lang='lat' dir='ltr'><strong>Francisous</strong></span> <span class='ocrx_word' id='word_1_45' title='bbox 1314 1572 1355 1637; x_wconf 90' lang='lat' dir='ltr'><strong>de</strong></span> <span class='ocrx_word' id='word_1_46' title='bbox 1369 1586 1526 1639; x_wconf 65' lang='lat' dir='ltr'><strong>Exeuntem</strong></span> 
     </span>
     <span class='ocr_line' id='line_1_8' title="bbox 300 1652 1508 1783; baseline 0.003 -47"><span class='ocrx_word' id='word_1_47' title='bbox 300 1670 447 1737; x_wconf 85' lang='lat' dir='ltr'><strong>Aldham</strong></span> <span class='ocrx_word' id='word_1_48' title='bbox 470 1673 559 1758; x_wconf 87' lang='lat' dir='ltr'><strong>apud</strong></span> <span class='ocrx_word' id='word_1_49' title='bbox 584 1670 833 1759; x_wconf 85' lang='lat' dir='ltr'><strong>Wyndesoram,</strong></span> <span class='ocrx_word' id='word_1_50' title='bbox 855 1672 1008 1739; x_wconf 90' lang='lat' dir='ltr'><strong>dominus</strong></span> <span class='ocrx_word' id='word_1_51' title='bbox 1030 1673 1201 1739; x_wconf 74' lang='lat' dir='ltr'><strong>lohannes</strong></span> <span class='ocrx_word' id='word_1_52' title='bbox 1216 1674 1300 1760; x_wconf 80' lang='lat' dir='ltr'><strong>Gyff</strong></span> <span class='ocrx_word' id='word_1_53' title='bbox 1368 1652 1508 1783; x_wconf 50' lang='lat' dir='ltr'><strong>ffi&#39;gssm</strong></span> 
     </span>
     <span class='ocr_line' id='line_1_9' title="bbox 302 1775 1495 1863; baseline -0.003 -22"><span class='ocrx_word' id='word_1_54' title='bbox 302 1780 338 1841; x_wconf 89' lang='lat' dir='ltr'><strong>et</strong></span> <span class='ocrx_word' id='word_1_55' title='bbox 358 1775 513 1841; x_wconf 91' lang='lat' dir='ltr'><strong>dominus</strong></span> <span class='ocrx_word' id='word_1_56' title='bbox 534 1775 684 1860; x_wconf 81' lang='lat' dir='ltr'><strong>Rogeurs</strong></span> <span class='ocrx_word' id='word_1_57' title='bbox 706 1775 748 1840; x_wconf 87' lang='lat' dir='ltr'><strong>de</strong></span> <span class='ocrx_word' id='word_1_58' title='bbox 771 1775 998 1863; x_wconf 86' lang='lat' dir='ltr'><strong>Elmesbrigge</strong></span> <span class='ocrx_word' id='word_1_59' title='bbox 1020 1776 1110 1862; x_wconf 89' lang='lat' dir='ltr'><strong>apud</strong></span> <span class='ocrx_word' id='word_1_60' title='bbox 1134 1776 1355 1857; x_wconf 82' lang='lat' dir='ltr'><strong>Gloverniam,</strong></span> <span class='ocrx_word' id='word_1_61' title='bbox 1368 1788 1495 1855; x_wconf 73' lang='lat' dir='ltr'><strong>ungunt.</strong></span> 
     </span>
     <span class='ocr_line' id='line_1_10' title="bbox 302 1876 1356 1963; baseline 0.001 -20"><span class='ocrx_word' id='word_1_62' title='bbox 302 1878 455 1943; x_wconf 90' lang='lat' dir='ltr'><strong>dominus</strong></span> <span class='ocrx_word' id='word_1_63' title='bbox 478 1877 645 1943; x_wconf 88' lang='lat' dir='ltr'><strong>Henrious</strong></span> <span class='ocrx_word' id='word_1_64' title='bbox 676 1877 718 1942; x_wconf 88' lang='lat' dir='ltr'><strong>de</strong></span> <span class='ocrx_word' id='word_1_65' title='bbox 741 1876 951 1963; x_wconf 82' lang='lat' dir='ltr'><strong>Wylyntonl</strong></span> <span class='ocrx_word' id='word_1_66' title='bbox 973 1878 1104 1943; x_wconf 84' lang='lat' dir='ltr'><strong>Emond</strong></span> <span class='ocrx_word' id='word_1_67' title='bbox 1137 1884 1172 1943; x_wconf 89' lang='lat' dir='ltr'><strong>et</strong></span> <span class='ocrx_word' id='word_1_68' title='bbox 1204 1878 1356 1945; x_wconf 87' lang='lat' dir='ltr'><strong>dominus</strong></span> 
     </span>
     <span class='ocr_line' id='line_1_11' title="bbox 301 1979 1356 2066; baseline 0.003 -21"><span class='ocrx_word' id='word_1_69' title='bbox 301 1979 468 2047; x_wconf 86' lang='lat' dir='ltr'><strong>Henrious</strong></span> <span class='ocrx_word' id='word_1_70' title='bbox 490 1982 532 2046; x_wconf 86' lang='lat' dir='ltr'><strong>de</strong></span> <span class='ocrx_word' id='word_1_71' title='bbox 556 1980 726 2046; x_wconf 83' lang='lat' dir='ltr'><strong>Montsord</strong></span> <span class='ocrx_word' id='word_1_72' title='bbox 749 1981 839 2066; x_wconf 89' lang='lat' dir='ltr'><strong>apud</strong></span> <span class='ocrx_word' id='word_1_73' title='bbox 863 1980 1078 2059; x_wconf 86' lang='lat' dir='ltr'><strong>Bristolliam,</strong></span> <span class='ocrx_word' id='word_1_74' title='bbox 1094 1982 1247 2047; x_wconf 88' lang='lat' dir='ltr'><strong>dominus</strong></span> <span class='ocrx_word' id='word_1_75' title='bbox 1270 1983 1356 2048; x_wconf 84' lang='lat' dir='ltr'><strong>Tho-</strong></span> 
     </span>
     <span class='ocr_line' id='line_1_12' title="bbox 300 2082 1358 2170; baseline 0.003 -22"><span class='ocrx_word' id='word_1_76' title='bbox 300 2105 373 2149; x_wconf 87' lang='lat' dir='ltr'><strong>mas</strong></span> <span class='ocrx_word' id='word_1_77' title='bbox 398 2082 532 2170; x_wconf 89' lang='lat' dir='ltr'><strong>Colpeir</strong></span> <span class='ocrx_word' id='word_1_78' title='bbox 553 2083 643 2169; x_wconf 89' lang='lat' dir='ltr'><strong>apud</strong></span> <span class='ocrx_word' id='word_1_79' title='bbox 658 2082 852 2169; x_wconf 83' lang='lat' dir='ltr'><strong>Wynohilse</strong></span> <span class='ocrx_word' id='word_1_80' title='bbox 876 2084 1030 2149; x_wconf 85' lang='lat' dir='ltr'><strong>dominus</strong></span> <span class='ocrx_word' id='word_1_81' title='bbox 1046 2084 1211 2150; x_wconf 81' lang='lat' dir='ltr'><strong>Heniious</strong></span> <span class='ocrx_word' id='word_1_82' title='bbox 1226 2084 1358 2170; x_wconf 80' lang='lat' dir='ltr'><strong>Tysys¹</strong></span> 
     </span>
     <span class='ocr_line' id='line_1_13' title="bbox 301 2183 1357 2272; baseline 0.003 -22"><span class='ocrx_word' id='word_1_83' title='bbox 301 2186 392 2271; x_wconf 90' lang='lat' dir='ltr'><strong>apud</strong></span> <span class='ocrx_word' id='word_1_84' title='bbox 415 2184 613 2261; x_wconf 89' lang='lat' dir='ltr'><strong>Londonias,</strong></span> <span class='ocrx_word' id='word_1_85' title='bbox 643 2183 797 2250; x_wconf 85' lang='lat' dir='ltr'><strong>dominus</strong></span> <span class='ocrx_word' id='word_1_86' title='bbox 822 2184 973 2271; x_wconf 84' lang='lat' dir='ltr'><strong>Rogarns</strong></span> <span class='ocrx_word' id='word_1_87' title='bbox 997 2184 1179 2272; x_wconf 86' lang='lat' dir='ltr'><strong>Dammery</strong></span> <span class='ocrx_word' id='word_1_88' title='bbox 1205 2192 1357 2253; x_wconf 83' lang='lat' dir='ltr'><strong>mortuus</strong></span> 
     </span>
     <span class='ocr_line' id='line_1_14' title="bbox 302 2287 1356 2375; baseline 0.004 -22"><span class='ocrx_word' id='word_1_89' title='bbox 302 2294 353 2353; x_wconf 88' lang='lat' dir='ltr'><strong>est</strong></span> <span class='ocrx_word' id='word_1_90' title='bbox 386 2288 501 2375; x_wconf 81' lang='lat' dir='ltr'><strong>pulcre</strong></span> <span class='ocrx_word' id='word_1_91' title='bbox 535 2289 572 2352; x_wconf 92' lang='lat' dir='ltr'><strong>in</strong></span> <span class='ocrx_word' id='word_1_92' title='bbox 606 2288 692 2353; x_wconf 81' lang='lat' dir='ltr'><strong>lecto</strong></span> <span class='ocrx_word' id='word_1_93' title='bbox 724 2308 785 2353; x_wconf 88' lang='lat' dir='ltr'><strong>suo</strong></span> <span class='ocrx_word' id='word_1_94' title='bbox 817 2288 907 2373; x_wconf 89' lang='lat' dir='ltr'><strong>apud</strong></span> <span class='ocrx_word' id='word_1_95' title='bbox 931 2287 1120 2375; x_wconf 82' lang='lat' dir='ltr'><strong>Tuttebyry</strong></span> <span class='ocrx_word' id='word_1_96' title='bbox 1144 2291 1180 2354; x_wconf 90' lang='lat' dir='ltr'><strong>in</strong></span> <span class='ocrx_word' id='word_1_97' title='bbox 1211 2292 1356 2370; x_wconf 69' lang='lat' dir='ltr'><strong>castello</strong></span> 
     </span>
     <span class='ocr_line' id='line_1_15' title="bbox 132 2378 1356 2499; baseline 0.003 -44"><span class='ocrx_word' id='word_1_98' title='bbox 132 2382 278 2499; x_wconf 52' lang='lat' dir='ltr'><strong>fflaool.</strong></span> <span class='ocrx_word' id='word_1_99' title='bbox 302 2389 456 2457; x_wconf 85' lang='lat' dir='ltr'><strong>dominus</strong></span> <span class='ocrx_word' id='word_1_100' title='bbox 482 2390 584 2478; x_wconf 84' lang='lat' dir='ltr'><strong>Hugo</strong></span> <span class='ocrx_word' id='word_1_101' title='bbox 608 2386 824 2475; x_wconf 79' lang='lat' dir='ltr'><strong>Dandeleye³</strong></span> <span class='ocrx_word' id='word_1_102' title='bbox 845 2390 888 2453; x_wconf 86' lang='lat' dir='ltr'><strong>ad</strong></span> <span class='ocrx_word' id='word_1_103' title='bbox 911 2378 1064 2475; x_wconf 77' lang='lat' dir='ltr'><strong>rogat&#39;um</strong></span> <span class='ocrx_word' id='word_1_104' title='bbox 1096 2394 1130 2456; x_wconf 86' lang='lat' dir='ltr'><strong>et</strong></span> <span class='ocrx_word' id='word_1_105' title='bbox 1160 2392 1356 2459; x_wconf 85' lang='lat' dir='ltr'><strong>instantiam</strong></span> 
     </span>
     <span class='ocr_line' id='line_1_16' title="bbox 199 2484 1357 2580; baseline 0.003 -23"><span class='ocrx_word' id='word_1_106' title='bbox 199 2484 208 2501; x_wconf 73' lang='lat'><strong>⁹</strong></span> <span class='ocrx_word' id='word_1_107' title='bbox 302 2492 417 2557; x_wconf 84' lang='lat' dir='ltr'><strong>uxoris</strong></span> <span class='ocrx_word' id='word_1_108' title='bbox 453 2512 524 2557; x_wconf 80' lang='lat' dir='ltr'><strong>suae</strong></span> <span class='ocrx_word' id='word_1_109' title='bbox 561 2489 700 2556; x_wconf 79' lang='lat' dir='ltr'><strong>sollicite</strong></span> <span class='ocrx_word' id='word_1_110' title='bbox 737 2491 966 2576; x_wconf 87' lang='lat' dir='ltr'><strong>prosequentis</strong></span> <span class='ocrx_word' id='word_1_111' title='bbox 1004 2490 1123 2556; x_wconf 91' lang='lat' dir='ltr'><strong>habuit</strong></span> <span class='ocrx_word' id='word_1_112' title='bbox 1160 2493 1304 2580; x_wconf 84' lang='lat' dir='ltr'><strong>gratiam</strong></span> <span class='ocrx_word' id='word_1_113' title='bbox 1336 2517 1357 2559; x_wconf 90' lang='lat' dir='ltr'><strong>a</strong></span> 
     </span>
     <span class='ocr_line' id='line_1_17' title="bbox 302 2592 1356 2681; baseline 0.002 -22"><span class='ocrx_word' id='word_1_114' title='bbox 302 2616 380 2681; x_wconf 83' lang='lat' dir='ltr'><strong>rege</strong></span> <span class='ocrx_word' id='word_1_115' title='bbox 400 2598 436 2659; x_wconf 88' lang='lat' dir='ltr'><strong>et</strong></span> <span class='ocrx_word' id='word_1_116' title='bbox 458 2594 565 2658; x_wconf 88' lang='lat' dir='ltr'><strong>vitam</strong></span> <span class='ocrx_word' id='word_1_117' title='bbox 596 2614 792 2671; x_wconf 77' lang='lat' dir='ltr'><strong>conoessum,</strong></span> <span class='ocrx_word' id='word_1_118' title='bbox 814 2592 881 2657; x_wconf 86' lang='lat' dir='ltr'><strong>fnit</strong></span> <span class='ocrx_word' id='word_1_119' title='bbox 914 2598 1028 2657; x_wconf 86' lang='lat' dir='ltr'><strong>tamen</strong></span> <span class='ocrx_word' id='word_1_120' title='bbox 1052 2593 1088 2657; x_wconf 93' lang='lat' dir='ltr'><strong>in</strong></span> <span class='ocrx_word' id='word_1_121' title='bbox 1115 2614 1244 2660; x_wconf 84' lang='lat' dir='ltr'><strong>caruere</strong></span> <span class='ocrx_word' id='word_1_122' title='bbox 1266 2597 1356 2681; x_wconf 85' lang='lat' dir='ltr'><strong>apud</strong></span> 
     </span>
     <span class='ocr_line' id='line_1_18' title="bbox 301 2693 1490 2784; baseline 0.001 -24"><span class='ocrx_word' id='word_1_123' title='bbox 301 2693 544 2781; x_wconf 81' lang='lat' dir='ltr'><strong>Notyngham⁴</strong></span> <span class='ocrx_word' id='word_1_124' title='bbox 565 2695 601 2759; x_wconf 93' lang='lat' dir='ltr'><strong>in</strong></span> <span class='ocrx_word' id='word_1_125' title='bbox 623 2694 758 2760; x_wconf 75' lang='lat' dir='ltr'><strong>rastello</strong></span> <span class='ocrx_word' id='word_1_126' title='bbox 791 2714 896 2779; x_wconf 85' lang='lat' dir='ltr'><strong>usque</strong></span> <span class='ocrx_word' id='word_1_127' title='bbox 927 2694 971 2759; x_wconf 88' lang='lat' dir='ltr'><strong>ad</strong></span> <span class='ocrx_word' id='word_1_128' title='bbox 995 2694 1140 2759; x_wconf 89' lang='lat' dir='ltr'><strong>reditum</strong></span> <span class='ocrx_word' id='word_1_129' title='bbox 1164 2697 1288 2784; x_wconf 85' lang='lat' dir='ltr'><strong>reginae</strong></span> <span class='ocrx_word' id='word_1_130' title='bbox 1314 2697 1355 2763; x_wconf 90' lang='lat' dir='ltr'><strong>de</strong></span> <span class='ocrx_word' id='word_1_131' title='bbox 1369 2711 1490 2762; x_wconf 85' lang='lat' dir='ltr'><strong>Honours</strong></span> 
     </span>
    </p>
   </div>
   <div class='ocr_carea' id='block_1_3' title="bbox 301 2778 1524 2895">
    <p class='ocr_par' dir='ltr' id='par_1_3' title="bbox 301 2778 1524 2895">
     <span class='ocr_line' id='line_1_19' title="bbox 301 2778 1524 2895; baseline 0.007 -33"><span class='ocrx_word' id='word_1_132' title='bbox 301 2797 542 2863; x_wconf 76' lang='lat' dir='ltr'><strong>transmarinis</strong></span> <span class='ocrx_word' id='word_1_133' title='bbox 588 2795 668 2861; x_wconf 86' lang='lat' dir='ltr'><strong>Post</strong></span> <span class='ocrx_word' id='word_1_134' title='bbox 689 2795 762 2861; x_wconf 83' lang='lat' dir='ltr'><strong>haeo</strong></span> <span class='ocrx_word' id='word_1_135' title='bbox 783 2794 893 2861; x_wconf 79' lang='lat' dir='ltr'><strong>faetus</strong></span> <span class='ocrx_word' id='word_1_136' title='bbox 909 2798 961 2861; x_wconf 86' lang='lat' dir='ltr'><strong>est</strong></span> <span class='ocrx_word' id='word_1_137' title='bbox 976 2795 1130 2861; x_wconf 86' lang='lat' dir='ltr'><strong>dominus</strong></span> <span class='ocrx_word' id='word_1_138' title='bbox 1145 2796 1297 2864; x_wconf 79' lang='lat' dir='ltr'><strong>Andreas</strong></span> <span class='ocrx_word' id='word_1_139' title='bbox 1313 2799 1354 2864; x_wconf 91' lang='lat' dir='ltr'><strong>de</strong></span> <span class='ocrx_word' id='word_1_140' title='bbox 1368 2778 1524 2895; x_wconf 44' lang='lat' dir='ltr'><strong>Qum„</strong></span> 
     </span>
    </p>
   </div>
   <div class='ocr_carea' id='block_1_4' title="bbox 302 2895 1506 3395">
    <p class='ocr_par' dir='ltr' id='par_1_4' title="bbox 302 2895 1506 3395">
     <span class='ocr_line' id='line_1_20' title="bbox 302 2895 1506 2986; baseline -0.001 -23"><span class='ocrx_word' id='word_1_141' title='bbox 302 2898 494 2983; x_wconf 83' lang='lat' dir='ltr'><strong>Harkeleye</strong></span> <span class='ocrx_word' id='word_1_142' title='bbox 506 2898 519 2936; x_wconf 80' lang='lat'><strong>⁶</strong></span> <span class='ocrx_word' id='word_1_143' title='bbox 532 2918 640 2964; x_wconf 84' lang='lat' dir='ltr'><strong>eomes</strong></span> <span class='ocrx_word' id='word_1_144' title='bbox 655 2895 901 2963; x_wconf 81' lang='lat' dir='ltr'><strong>Oarliellensis⁰</strong></span> <span class='ocrx_word' id='word_1_145' title='bbox 915 2918 976 2983; x_wconf 90' lang='lat' dir='ltr'><strong>pro</strong></span> <span class='ocrx_word' id='word_1_146' title='bbox 991 2897 1056 2963; x_wconf 85' lang='lat' dir='ltr'><strong>isto</strong></span> <span class='ocrx_word' id='word_1_147' title='bbox 1071 2898 1204 2985; x_wconf 87' lang='lat' dir='ltr'><strong>negotio</strong></span> <span class='ocrx_word' id='word_1_148' title='bbox 1219 2900 1265 2967; x_wconf 85' lang='lat' dir='ltr'><strong>sio</strong></span> <span class='ocrx_word' id='word_1_149' title='bbox 1279 2921 1355 2986; x_wconf 88' lang='lat' dir='ltr'><strong>pro·</strong></span> <span class='ocrx_word' id='word_1_150' title='bbox 1367 2910 1506 2977; x_wconf 77' lang='lat' dir='ltr'><strong>Harkeley.</strong></span> 
     </span>
     <span class='ocr_line' id='line_1_21' title="bbox 302 2998 1355 3086; baseline 0 -19"><span class='ocrx_word' id='word_1_151' title='bbox 302 3006 424 3079; x_wconf 77' lang='lat' dir='ltr'><strong>secute,</strong></span> <span class='ocrx_word' id='word_1_152' title='bbox 454 2999 625 3086; x_wconf 86' lang='lat' dir='ltr'><strong>factusque</strong></span> <span class='ocrx_word' id='word_1_153' title='bbox 650 3003 702 3064; x_wconf 89' lang='lat' dir='ltr'><strong>est</strong></span> <span class='ocrx_word' id='word_1_154' title='bbox 727 2999 908 3085; x_wconf 80' lang='lat' dir='ltr'><strong>gordianus</strong></span> <span class='ocrx_word' id='word_1_155' title='bbox 932 2998 1068 3064; x_wconf 88' lang='lat' dir='ltr'><strong>borialis</strong></span> <span class='ocrx_word' id='word_1_156' title='bbox 1092 3000 1248 3067; x_wconf 83' lang='lat' dir='ltr'><strong>marchiae</strong></span> <span class='ocrx_word' id='word_1_157' title='bbox 1278 3024 1355 3068; x_wconf 86' lang='lat' dir='ltr'><strong>aon-</strong></span> 
     </span>
     <span class='ocr_line' id='line_1_22' title="bbox 302 3102 1357 3188; baseline 0 -18"><span class='ocrx_word' id='word_1_158' title='bbox 302 3110 357 3170; x_wconf 88' lang='lat' dir='ltr'><strong>tra</strong></span> <span class='ocrx_word' id='word_1_159' title='bbox 373 3105 494 3170; x_wconf 82' lang='lat' dir='ltr'><strong>Sootos.</strong></span> <span class='ocrx_word' id='word_1_160' title='bbox 541 3102 736 3169; x_wconf 87' lang='lat' dir='ltr'><strong>Notandum</strong></span> <span class='ocrx_word' id='word_1_161' title='bbox 751 3104 839 3188; x_wconf 91' lang='lat' dir='ltr'><strong>quod</strong></span> <span class='ocrx_word' id='word_1_162' title='bbox 854 3103 913 3167; x_wconf 92' lang='lat' dir='ltr'><strong>isti</strong></span> <span class='ocrx_word' id='word_1_163' title='bbox 935 3102 1072 3167; x_wconf 77' lang='lat' dir='ltr'><strong>fuerimt</strong></span> <span class='ocrx_word' id='word_1_164' title='bbox 1093 3104 1357 3170; x_wconf 81' lang='lat' dir='ltr'><strong>eonsentientes⁷</strong></span> 
     </span>
     <span class='ocr_line' id='line_1_23' title="bbox 302 3206 1354 3293; baseline 0 -20"><span class='ocrx_word' id='word_1_165' title='bbox 302 3208 375 3273; x_wconf 82' lang='lat' dir='ltr'><strong>neci</strong></span> <span class='ocrx_word' id='word_1_166' title='bbox 397 3207 535 3283; x_wconf 82' lang='lat' dir='ltr'><strong>eomitis,</strong></span> <span class='ocrx_word' id='word_1_167' title='bbox 558 3206 617 3291; x_wconf 93' lang='lat' dir='ltr'><strong>qui</strong></span> <span class='ocrx_word' id='word_1_168' title='bbox 638 3227 752 3270; x_wconf 86' lang='lat' dir='ltr'><strong>omnes</strong></span> <span class='ocrx_word' id='word_1_169' title='bbox 785 3211 901 3291; x_wconf 87' lang='lat' dir='ltr'><strong>postea</strong></span> <span class='ocrx_word' id='word_1_170' title='bbox 923 3210 1029 3271; x_wconf 87' lang='lat' dir='ltr'><strong>morte</strong></span> <span class='ocrx_word' id='word_1_171' title='bbox 1054 3208 1146 3293; x_wconf 89' lang='lat' dir='ltr'><strong>turpi</strong></span> <span class='ocrx_word' id='word_1_172' title='bbox 1176 3209 1354 3293; x_wconf 82' lang='lat' dir='ltr'><strong>perieumt.</strong></span> 
     </span>
     <span class='ocr_line' id='line_1_24' title="bbox 302 3306 1355 3395; baseline 0.001 -20"><span class='ocrx_word' id='word_1_173' title='bbox 302 3309 414 3375; x_wconf 91' lang='lat' dir='ltr'><strong>Primo</strong></span> <span class='ocrx_word' id='word_1_174' title='bbox 436 3310 506 3395; x_wconf 87' lang='lat' dir='ltr'><strong>ipse</strong></span> <span class='ocrx_word' id='word_1_175' title='bbox 529 3330 597 3384; x_wconf 81' lang='lat' dir='ltr'><strong>rex,</strong></span> <span class='ocrx_word' id='word_1_176' title='bbox 612 3309 679 3373; x_wconf 91' lang='lat' dir='ltr'><strong>duo</strong></span> <span class='ocrx_word' id='word_1_177' title='bbox 701 3307 821 3373; x_wconf 84' lang='lat' dir='ltr'><strong>fratres</strong></span> <span class='ocrx_word' id='word_1_178' title='bbox 844 3306 924 3393; x_wconf 72' lang='lat' dir='ltr'><strong>ejus</strong></span> <span class='ocrx_word' id='word_1_179' title='bbox 941 3308 1066 3374; x_wconf 82' lang='lat' dir='ltr'><strong>seilicet</strong></span> <span class='ocrx_word' id='word_1_180' title='bbox 1080 3309 1224 3375; x_wconf 77' lang='lat' dir='ltr'><strong>Thomas</strong></span> <span class='ocrx_word' id='word_1_181' title='bbox 1247 3332 1355 3376; x_wconf 77' lang='lat' dir='ltr'><strong>nomes</strong></span> 
     </span>
    </p>
   </div>
   <div class='ocr_carea' id='block_1_5' title="bbox 300 3408 1525 3809">
    <p class='ocr_par' dir='ltr' id='par_1_5' title="bbox 300 3408 1525 3809">
     <span class='ocr_line' id='line_1_25' title="bbox 301 3408 1354 3498; baseline 0 -21"><span class='ocrx_word' id='word_1_182' title='bbox 301 3413 512 3479; x_wconf 82' lang='lat' dir='ltr'><strong>marescallus</strong></span> <span class='ocrx_word' id='word_1_183' title='bbox 538 3415 573 3476; x_wconf 91' lang='lat' dir='ltr'><strong>et</strong></span> <span class='ocrx_word' id='word_1_184' title='bbox 596 3410 793 3476; x_wconf 86' lang='lat' dir='ltr'><strong>Edmundus</strong></span> <span class='ocrx_word' id='word_1_185' title='bbox 816 3430 923 3476; x_wconf 81' lang='lat' dir='ltr'><strong>eomes</strong></span> <span class='ocrx_word' id='word_1_186' title='bbox 947 3408 1097 3491; x_wconf 78' lang='lat' dir='ltr'><strong>Cantiae3</strong></span> <span class='ocrx_word' id='word_1_187' title='bbox 1129 3412 1187 3478; x_wconf 86' lang='lat' dir='ltr'><strong>isti</strong></span> <span class='ocrx_word' id='word_1_188' title='bbox 1211 3414 1354 3498; x_wconf 88' lang='lat' dir='ltr'><strong>promoti</strong></span> 
     </span>
     <span class='ocr_line' id='line_1_26' title="bbox 301 3513 1353 3599; baseline 0 -19"><span class='ocrx_word' id='word_1_189' title='bbox 301 3520 336 3580; x_wconf 86' lang='lat' dir='ltr'><strong>et</strong></span> <span class='ocrx_word' id='word_1_190' title='bbox 358 3514 458 3580; x_wconf 79' lang='lat' dir='ltr'><strong>erecti</strong></span> <span class='ocrx_word' id='word_1_191' title='bbox 489 3534 549 3599; x_wconf 86' lang='lat' dir='ltr'><strong>per</strong></span> <span class='ocrx_word' id='word_1_192' title='bbox 570 3513 805 3579; x_wconf 77' lang='lat' dir='ltr'><strong>excitationem</strong></span> <span class='ocrx_word' id='word_1_193' title='bbox 832 3518 867 3578; x_wconf 91' lang='lat' dir='ltr'><strong>et</strong></span> <span class='ocrx_word' id='word_1_194' title='bbox 893 3513 1089 3578; x_wconf 81' lang='lat' dir='ltr'><strong>instantiam</strong></span> <span class='ocrx_word' id='word_1_195' title='bbox 1120 3514 1201 3579; x_wconf 84' lang='lat' dir='ltr'><strong>dieti</strong></span> <span class='ocrx_word' id='word_1_196' title='bbox 1224 3515 1353 3580; x_wconf 80' lang='lat' dir='ltr'><strong>comitis</strong></span> 
     </span>
     <span class='ocr_line' id='line_1_27' title="bbox 300 3614 1525 3695; baseline 0.007 -14"><span class='ocrx_word' id='word_1_197' title='bbox 300 3616 521 3695; x_wconf 80' lang='lat' dir='ltr'><strong>Ianoastriae;</strong></span> <span class='ocrx_word' id='word_1_198' title='bbox 551 3637 659 3681; x_wconf 81' lang='lat' dir='ltr'><strong>eomes</strong></span> <span class='ocrx_word' id='word_1_199' title='bbox 695 3614 877 3692; x_wconf 83' lang='lat' dir='ltr'><strong>Warennae,</strong></span> <span class='ocrx_word' id='word_1_200' title='bbox 912 3637 1019 3681; x_wconf 86' lang='lat' dir='ltr'><strong>comes</strong></span> <span class='ocrx_word' id='word_1_201' title='bbox 1049 3616 1220 3695; x_wconf 86' lang='lat' dir='ltr'><strong>Arundell,</strong></span> <span class='ocrx_word' id='word_1_202' title='bbox 1248 3619 1352 3684; x_wconf 90' lang='lat' dir='ltr'><strong>domi·</strong></span> <span class='ocrx_word' id='word_1_203' title='bbox 1366 3637 1525 3690; x_wconf 67' lang='lat' dir='ltr'><strong>Nonacrina</strong></span> 
     </span>
     <span class='ocr_line' id='line_1_28' title="bbox 300 3716 1419 3809; baseline 0.004 -26"><span class='ocrx_word' id='word_1_204' title='bbox 300 3741 363 3785; x_wconf 91' lang='lat' dir='ltr'><strong>nus</strong></span> <span class='ocrx_word' id='word_1_205' title='bbox 385 3719 487 3806; x_wconf 87' lang='lat' dir='ltr'><strong>Hugo</strong></span> <span class='ocrx_word' id='word_1_206' title='bbox 509 3716 728 3804; x_wconf 88' lang='lat' dir='ltr'><strong>Dispensator</strong></span> <span class='ocrx_word' id='word_1_207' title='bbox 757 3722 854 3803; x_wconf 86' lang='lat' dir='ltr'><strong>pater</strong></span> <span class='ocrx_word' id='word_1_208' title='bbox 882 3723 918 3783; x_wconf 91' lang='lat' dir='ltr'><strong>et</strong></span> <span class='ocrx_word' id='word_1_209' title='bbox 947 3718 1100 3783; x_wconf 88' lang='lat' dir='ltr'><strong>dominus</strong></span> <span class='ocrx_word' id='word_1_210' title='bbox 1123 3719 1224 3809; x_wconf 86' lang='lat' dir='ltr'><strong>Hugo</strong></span> <span class='ocrx_word' id='word_1_211' title='bbox 1253 3720 1343 3788; x_wconf 89' lang='lat' dir='ltr'><strong>filius</strong></span> <span class='ocrx_word' id='word_1_212' title='bbox 1402 3720 1419 3753; x_wconf 71' lang='lat'>⁸</span> 
     </span>
    </p>
   </div>
   <div class='ocr_carea' id='block_1_6' title="bbox 300 3770 1491 3905">
    <p class='ocr_par' dir='ltr' id='par_1_6' title="bbox 300 3770 1491 3905">
     <span class='ocr_line' id='line_1_29' title="bbox 300 3770 1491 3905; baseline 0.002 -20"><span class='ocrx_word' id='word_1_213' title='bbox 300 3841 408 3885; x_wconf 81' lang='lat' dir='ltr'><strong>comes</strong></span> <span class='ocrx_word' id='word_1_214' title='bbox 445 3818 717 3905; x_wconf 83' lang='lat' dir='ltr'><strong>Ryohemnndiae‚</strong></span> <span class='ocrx_word' id='word_1_215' title='bbox 755 3839 863 3883; x_wconf 81' lang='lat' dir='ltr'><strong>eomes</strong></span> <span class='ocrx_word' id='word_1_216' title='bbox 900 3818 942 3883; x_wconf 84' lang='lat' dir='ltr'><strong>de</strong></span> <span class='ocrx_word' id='word_1_217' title='bbox 973 3818 1157 3898; x_wconf 84' lang='lat' dir='ltr'><strong>Penbroke,</strong></span> <span class='ocrx_word' id='word_1_218' title='bbox 1196 3821 1350 3889; x_wconf 89' lang='lat' dir='ltr'><strong>dominus</strong></span> <span class='ocrx_word' id='word_1_219' title='bbox 1363 3770 1415 3885; x_wconf 72' lang='lat' dir='ltr'><strong>lli</strong></span> <span class='ocrx_word' id='word_1_220' title='bbox 1425 3772 1491 3887; x_wconf 57' lang='lat' dir='ltr'><strong>llll</strong></span> 
     </span>
    </p>
   </div>
   <div class='ocr_carea' id='block_1_7' title="bbox 301 3902 1511 4020">
    <p class='ocr_par' dir='ltr' id='par_1_7' title="bbox 301 3902 1511 4020">
     <span class='ocr_line' id='line_1_30' title="bbox 301 3902 1511 4020; baseline 0.01 -35"><span class='ocrx_word' id='word_1_221' title='bbox 301 3920 467 3989; x_wconf 81' lang='lat' dir='ltr'><strong>Omerus⁸</strong></span> <span class='ocrx_word' id='word_1_222' title='bbox 490 3922 532 3987; x_wconf 84' lang='lat' dir='ltr'><strong>de</strong></span> <span class='ocrx_word' id='word_1_223' title='bbox 554 3921 721 3997; x_wconf 74' lang='lat' dir='ltr'><strong>Valentia,</strong></span> <span class='ocrx_word' id='word_1_224' title='bbox 744 3920 802 3985; x_wconf 90' lang='lat' dir='ltr'><strong>sed</strong></span> <span class='ocrx_word' id='word_1_225' title='bbox 825 3921 915 3986; x_wconf 84' lang='lat' dir='ltr'><strong>inter</strong></span> <span class='ocrx_word' id='word_1_226' title='bbox 946 3942 1001 3986; x_wconf 88' lang='lat' dir='ltr'><strong>eos</strong></span> <span class='ocrx_word' id='word_1_227' title='bbox 1024 3943 1091 3986; x_wconf 92' lang='lat' dir='ltr'><strong>non</strong></span> <span class='ocrx_word' id='word_1_228' title='bbox 1115 3923 1232 3990; x_wconf 87' lang='lat' dir='ltr'><strong>extitit</strong></span> <span class='ocrx_word' id='word_1_229' title='bbox 1261 3926 1351 4010; x_wconf 88' lang='lat' dir='ltr'><strong>quis·</strong></span> <span class='ocrx_word' id='word_1_230' title='bbox 1364 3902 1511 4020; x_wconf 47' lang='lat' dir='ltr'><strong>{mig</strong></span> 
     </span>
    </p>
   </div>
   <div class='ocr_carea' id='block_1_8' title="bbox 300 4022 1488 4211">
    <p class='ocr_par' dir='ltr' id='par_1_8' title="bbox 300 4022 1488 4211">
     <span class='ocr_line' id='line_1_31' title="bbox 300 4022 1488 4111; baseline -0.002 -22"><span class='ocrx_word' id='word_1_231' title='bbox 300 4046 400 4111; x_wconf 89' lang='lat' dir='ltr'><strong>quam</strong></span> <span class='ocrx_word' id='word_1_232' title='bbox 423 4024 482 4110; x_wconf 93' lang='lat' dir='ltr'><strong>qui</strong></span> <span class='ocrx_word' id='word_1_233' title='bbox 503 4024 570 4089; x_wconf 88' lang='lat' dir='ltr'><strong>fine</strong></span> <span class='ocrx_word' id='word_1_234' title='bbox 591 4022 753 4089; x_wconf 89' lang='lat' dir='ltr'><strong>laudabili</strong></span> <span class='ocrx_word' id='word_1_235' title='bbox 775 4022 880 4088; x_wconf 88' lang='lat' dir='ltr'><strong>vitam</strong></span> <span class='ocrx_word' id='word_1_236' title='bbox 904 4023 1024 4100; x_wconf 89' lang='lat' dir='ltr'><strong>finivit,</strong></span> <span class='ocrx_word' id='word_1_237' title='bbox 1047 4044 1154 4109; x_wconf 86' lang='lat' dir='ltr'><strong>neque</strong></span> <span class='ocrx_word' id='word_1_238' title='bbox 1177 4025 1352 4111; x_wconf 86' lang='lat' dir='ltr'><strong>quisquam</strong></span> <span class='ocrx_word' id='word_1_239' title='bbox 1365 4036 1488 4087; x_wconf 71' lang='lat' dir='ltr'><strong>aneath.</strong></span> 
     </span>
     <span class='ocr_line' id='line_1_32' title="bbox 300 4122 1301 4211; baseline 0 -18"><span class='ocrx_word' id='word_1_240' title='bbox 300 4128 348 4193; x_wconf 86' lang='lat' dir='ltr'><strong>eis</strong></span> <span class='ocrx_word' id='word_1_241' title='bbox 369 4124 623 4203; x_wconf 81' lang='lat' dir='ltr'><strong>adhaerentium,</strong></span> <span class='ocrx_word' id='word_1_242' title='bbox 644 4127 685 4189; x_wconf 92' lang='lat' dir='ltr'><strong>ut</strong></span> <span class='ocrx_word' id='word_1_243' title='bbox 707 4123 798 4189; x_wconf 82' lang='lat' dir='ltr'><strong>infra</strong></span> <span class='ocrx_word' id='word_1_244' title='bbox 821 4122 974 4209; x_wconf 81' lang='lat' dir='ltr'><strong>patebit⁹</strong></span> <span class='ocrx_word' id='word_1_245' title='bbox 997 4124 1033 4188; x_wconf 90' lang='lat' dir='ltr'><strong>in</strong></span> <span class='ocrx_word' id='word_1_246' title='bbox 1057 4146 1117 4189; x_wconf 90' lang='lat' dir='ltr'><strong>suo</strong></span> <span class='ocrx_word' id='word_1_247' title='bbox 1139 4146 1301 4211; x_wconf 81' lang='lat' dir='ltr'><strong>processu.</strong></span> 
     </span>
    </p>
   </div>
   <div class='ocr_carea' id='block_1_9' title="bbox 300 4325 1352 4863">
    <p class='ocr_par' dir='ltr' id='par_1_9' title="bbox 333 4325 1352 4551">
     <span class='ocr_line' id='line_1_33' title="bbox 334 4325 1352 4398; baseline 0.003 -19"><span class='ocrx_word' id='word_1_248' title='bbox 334 4326 520 4395; x_wconf 68' lang='lat' dir='ltr'><strong>¹Wyliaqlon,</strong></span> <span class='ocrx_word' id='word_1_249' title='bbox 530 4327 590 4379; x_wconf 79' lang='lat' dir='ltr'><strong>MS.</strong></span> <span class='ocrx_word' id='word_1_250' title='bbox 885 4325 982 4379; x_wconf 81' lang='lat' dir='ltr'><strong>²Hare</strong></span> <span class='ocrx_word' id='word_1_251' title='bbox 994 4342 1027 4376; x_wconf 91' lang='lat' dir='ltr'><strong>on</strong></span> <span class='ocrx_word' id='word_1_252' title='bbox 1039 4328 1278 4394; x_wconf 76' lang='lat' dir='ltr'><strong>themarglnofA.</strong></span> <span class='ocrx_word' id='word_1_253' title='bbox 1290 4333 1352 4398; x_wconf 82' lang='lat' dir='ltr'><strong>only</strong></span> 
     </span>
     <span class='ocr_line' id='line_1_34' title="bbox 333 4405 1352 4473; baseline 0.004 -15"><span class='ocrx_word' id='word_1_254' title='bbox 333 4407 344 4440; x_wconf 84' lang='lat'>²</span> <span class='ocrx_word' id='word_1_255' title='bbox 364 4409 457 4473; x_wconf 75' lang='lat' dir='ltr'><strong>Tyeyr.</strong></span> <span class='ocrx_word' id='word_1_256' title='bbox 467 4407 519 4468; x_wconf 79' lang='lat' dir='ltr'><strong>A.;</strong></span> <span class='ocrx_word' id='word_1_257' title='bbox 541 4406 630 4471; x_wconf 62' lang='lat' dir='ltr'><strong>Taya,</strong></span> <span class='ocrx_word' id='word_1_258' title='bbox 641 4406 699 4456; x_wconf 83' lang='lat' dir='ltr'><strong>MS.</strong></span> <span class='ocrx_word' id='word_1_259' title='bbox 850 4405 872 4455; x_wconf 80' lang='lat' dir='ltr'><strong>is</strong></span> <span class='ocrx_word' id='word_1_260' title='bbox 885 4405 1077 4456; x_wconf 70' lang='lat' dir='ltr'><strong>Consentiam</strong></span> <span class='ocrx_word' id='word_1_261' title='bbox 1087 4406 1161 4456; x_wconf 75' lang='lat' dir='ltr'><strong>morti</strong></span> <span class='ocrx_word' id='word_1_262' title='bbox 1171 4408 1267 4459; x_wconf 72' lang='lat' dir='ltr'><strong>emitis</strong></span> <span class='ocrx_word' id='word_1_263' title='bbox 1278 4408 1352 4461; x_wconf 60' lang='lat' dir='ltr'><strong>Lam</strong></span> 
     </span>
     <span class='ocr_line' id='line_1_35' title="bbox 333 4482 960 4551; baseline -0.002 -14"><span class='ocrx_word' id='word_1_264' title='bbox 333 4487 345 4520; x_wconf 80' lang='lat'>⁸</span> <span class='ocrx_word' id='word_1_265' title='bbox 362 4486 522 4551; x_wconf 75' lang='lat' dir='ltr'><strong>Dandeleye,</strong></span> <span class='ocrx_word' id='word_1_266' title='bbox 557 4486 609 4547; x_wconf 78' lang='lat' dir='ltr'><strong>A.;</strong></span> <span class='ocrx_word' id='word_1_267' title='bbox 647 4482 801 4550; x_wconf 63' lang='lat' dir='ltr'><strong>Voaddqe,</strong></span> <span class='ocrx_word' id='word_1_268' title='bbox 850 4485 960 4536; x_wconf 62' lang='lat' dir='ltr'><strong>maia.</strong></span> 
     </span>
    </p>

    <p class='ocr_par' dir='ltr' id='par_1_10' title="bbox 300 4562 1351 4863">
     <span class='ocr_line' id='line_1_36' title="bbox 300 4562 1351 4632; baseline -0.001 -11"><span class='ocrx_word' id='word_1_269' title='bbox 300 4568 358 4621; x_wconf 83' lang='lat' dir='ltr'><strong>MS.</strong></span> <span class='ocrx_word' id='word_1_270' title='bbox 431 4567 434 4571; x_wconf 82' lang='grc'>’</span> <span class='ocrx_word' id='word_1_271' title='bbox 882 4562 1351 4632; x_wconf 74' lang='lat' dir='ltr'><strong>⁸Omerusisthespellinginboth</strong></span> 
     </span>
     <span class='ocr_line' id='line_1_37' title="bbox 332 4642 930 4709; baseline -0.002 -14"><span class='ocrx_word' id='word_1_272' title='bbox 332 4642 548 4709; x_wconf 70' lang='lat' dir='ltr'><strong>⁴Nottia9tun,</strong></span> <span class='ocrx_word' id='word_1_273' title='bbox 559 4642 618 4694; x_wconf 79' lang='lat' dir='ltr'><strong>MS.</strong></span> <span class='ocrx_word' id='word_1_274' title='bbox 851 4642 930 4695; x_wconf 82' lang='lat' dir='ltr'>MSS.</span> 
     </span>
     <span class='ocr_line' id='line_1_38' title="bbox 333 4720 1275 4790; baseline 0.007 -17"><span class='ocrx_word' id='word_1_275' title='bbox 333 4722 456 4783; x_wconf 66' lang='lat' dir='ltr'><strong>‘Horta</strong></span> <span class='ocrx_word' id='word_1_276' title='bbox 466 4723 523 4774; x_wconf 80' lang='lat' dir='ltr'><strong>MS.</strong></span> <span class='ocrx_word' id='word_1_277' title='bbox 883 4720 1076 4788; x_wconf 53' lang='lat' dir='ltr'><strong>”mim-t</strong></span> <span class='ocrx_word' id='word_1_278' title='bbox 1090 4722 1275 4790; x_wconf 68' lang='lat' dir='ltr'><strong>putabatllss.</strong></span> 
     </span>
     <span class='ocr_line' id='line_1_39' title="bbox 334 4800 590 4863; baseline -0.008 -8"><span class='ocrx_word' id='word_1_279' title='bbox 334 4804 345 4837; x_wconf 80' lang='lat'>⁸</span> <span class='ocrx_word' id='word_1_280' title='bbox 365 4800 544 4863; x_wconf 69' lang='lat' dir='ltr'><strong>cariatensis,</strong></span> <span class='ocrx_word' id='word_1_281' title='bbox 554 4800 590 4853; x_wconf 82' lang='grc' dir='ltr'><strong>Δ.</strong></span> 
     </span>
    </p>
   </div>
   <div class='ocr_carea' id='block_1_10' title="bbox 0 0 1818 5784">
    <p class='ocr_par' dir='ltr' id='par_1_11' title="bbox 0 0 1818 5784">
     <span class='ocr_line' id='line_1_40' title="bbox 0 0 1818 5784; baseline 0 0"><span class='ocrx_word' id='word_1_282' title='bbox 0 0 1818 5784; x_wconf 95' lang='lat' dir='ltr'><strong> </strong></span> 
     </span>
    </p>
   </div>
  </div>
 </body>
</html>
