3625 5784
409 885 476 952 424
692 929 694 934 -
759 898 906 948 ussurus
929 895 1112 946 messos

411 1102 607 1174 plecterentur
640 1099 828 1172 pertinaciter
861 1099 972 1164 forare,
995 1103 1102 1154 cuncta
1124 1093 1250 1171 denique
1272 1095 1389 1169 agenda
1411 1113 1464 1152 sus

411 1190 571 1246 adnutum
587 1179 696 1244 unius¹
722 1186 869 1245 secretarii
894 1187 941 1242 sui
963 1189 1072 1259 passim
1087 1186 1280 1242 committere.
1312 1176 1465 1258 Tempus²

412 1297 528 1352 quoquo
559 1277 691 1334 certandi
722 1296 813 1335 usone
842 1277 881 1333 sd
903 1281 1027 1332 mortem
1050 1293 1103 1348 pro
1134 1275 1254 1347 justitie
1286 1275 1464 1332 defensanda

413 1357 591 1425 inermiter⁸
613 1369 717 1439 fugere
755 1384 815 1422 nou
847 1365 953 1422 debere
975 1370 1110 1422 sanctum
1143 1364 1267 1430 oensem,
1300 1363 1463 1437 praesertim

413 1477 482 1515 cum
496 1457 609 1513 insitus
624 1457 849 1529 comprehensus
869 1445 942 1525 [et]⁴
956 1473 1057 1527 passus
1073 1454 1181 1511 fuerit:
1205 1454 1257 1510 sed
1279 1453 1462 1510 oblationum

414 1547 534 1603 donaria
557 1552 587 1603 et
609 1546 817 1602 miraculorum
847 1545 1003 1601 simulacra
1032 1562 1099 1616 qun
1121 1543 1154 1600 iu
1176 1544 1240 1600 loco
1262 1561 1324 1599 suae
1346 1540 1462 1614 decapi-

415 1636 536 1693 tationis
569 1636 601 1691 iu
635 1635 857 1707 presentiarum
889 1635 1077 1690 celebrantur
1099 1634 1215 1706 qualem
1247 1633 1279 1688 in
1311 1639 1463 1706 posterum

412 1726 562 1782 habebunt
599 1724 710 1780 exitum
758 1725 856 1780 secula
900 1723 1044 1779 videbunt
1085 1723 1258 1796 postfutura.
1325 1721 1374 1777 Ab
1408 1721 1464 1776 hoo

413 1814 508 1886 igitur
545 1819 675 1887 tempore
712 1831 803 1886 usque
843 1805 899 1869 in⁵
936 1817 1051 1869 sextum
1088 1818 1189 1885 postea
1225 1829 1337 1868 anuum
1373 1810 1465 1882 coepit

413 1904 655 1976 Dispensatorum
671 1903 788 1958 fortuna
811 1891 1012 1959 invalescere⁶
1035 1907 1066 1958 et
1088 1902 1201 1973 reginas
1223 1899 1355 1956 conditio
1370 1899 1464 1956 aucil-

414 1993 480 2058 lari,
516 2009 666 2065 quousque
697 2009 749 2046 rex
782 1992 915 2049 Francia
947 2009 1002 2064 pro
1035 1989 1174 2063 homagio
1205 1989 1361 2047 Vasoouiae
1403 2007 1465 2044 nou

414 2081 545 2138 exhibito
575 2099 674 2152 regem
697 2081 816 2152 Angliae
842 2081 1004 2154 plurimum
1026 2081 1202 2138 molestaret
1248 2079 1334 2136 Circa
1363 2095 1465 2134 ascen·

414 2170 526 2227 donem
559 2170 672 2226 domini
703 2189 754 2226 rex
798 2172 895 2226 tenuit
931 2170 1157 2242 parliamentum
1189 2168 1269 2241 apud
1302 2169 1465 2224 Eboracum

413 2259 465 2316 ubi
499 2260 591 2316 erexit
621 2260 780 2332 Hugonem
815 2260 1050 2332 Dispensatorem
1084 2258 1228 2315 seniorem
1262 2257 1294 2312 in
1329 2258 1465 2314 comitem

415 2350 670 2422 Wyntouisnsem,
701 2347 851 2405 Andream
874 2349 911 2404 de
944 2348 1110 2423 Harkeleye
1141 2348 1173 2404 in
1199 2345 1336 2404 comitem
1369 2345 1466 2404 Garli·

416 2440 554 2497 oleneem.

244 2530 364 2648 'spemn
463 2530 580 2598 Comes
612 2531 813 2598 Lancestriae
845 2551 921 2596 cum
945 2529 1126 2596 baronibus
1159 2552 1307 2620 egressus
1340 2534 1392 2595 eet
1425 2527 1590 2607 dobm-

247 2599 404 2725 fflff'ffig.
417 2635 551 2702 castello
574 2635 609 2698 in
632 2653 793 2720 campum,
816 2633 952 2698 eredens
978 2655 1013 2698 se
1038 2632 1208 2698 sublevari
1237 2633 1279 2698 de
1302 2634 1468 2719 potestate
1478 2603 1581 2649 Μ’·

244 2731 380 2849 qlf'ffilssffi
417 2737 589 2804 hominum
611 2757 669 2824 per
692 2736 862 2801 dominum
885 2735 1068 2802 Robertum
1091 2736 1132 2802 de
1154 2735 1307 2800 Holande
1330 2739 1364 2800 et
1386 2734 1469 2798 alios
1793 2630 1800 2901 4

244 2815 393 2916 ffiffletg’ffi„
417 2839 476 2926 qui
508 2837 573 2904 sibi
604 2836 768 2904 auxilium
800 2837 1028 2922 promiserant,
1051 2842 1152 2924 prout
1183 2842 1281 2903 antea
1303 2836 1468 2902 intereos

243 2931 326 2983 nont.
418 2939 614 3028 promissum
648 2937 764 3003 suerat.
811 2937 901 3003 Nem
935 2937 1100 3004 Robertus
1132 2939 1174 3004 de
1206 2937 1361 3004 Holande
1394 2958 1468 3023 pro·

416 3042 553 3108 miserat
584 3063 618 3106 se
650 3051 829 3106 venturum
862 3061 937 3106 cum
971 3039 1051 3106 forti
1085 3040 1296 3128 expeditione
1322 3040 1469 3106 virorum

418 3143 567 3221 fortium,
593 3141 651 3208 sed
684 3141 815 3230 decepit
847 3163 911 3208 eos.
957 3141 1110 3228 Cumque
1132 3163 1240 3209 comes
1271 3142 1471 3230 percepisset

416 3269 451 3311 se
484 3267 553 3311 esse
588 3243 771 3332 deceptum,
794 3243 933 3309 divertit
963 3243 1096 3309 vultum
1130 3244 1167 3308 in
1188 3249 1300 3330 partes
1321 3243 1471 3322 boriales,

418 3352 452 3412 et
484 3369 542 3411 rex
577 3367 705 3433 semper
739 3345 940 3432 sequebatur
972 3345 1116 3411 adoreo
1140 3347 1224 3432 pede
1246 3350 1323 3433 post
1344 3345 1468 3433 pedem.

419 3447 514 3514 Inter
545 3453 679 3514 oaeteros
711 3449 797 3534 regis
829 3447 919 3513 viros
952 3451 1026 3513 erat
1057 3447 1193 3533 quidam
1216 3447 1381 3514 Robertus
1403 3447 1470 3534 Ty·

246 3543 399 3661 patratuque
418 3571 542 3614 rannus
565 3548 623 3634 qui
646 3547 788 3615 ferocius
810 3549 939 3614 caeteris
969 3548 1207 3635 insequebatur
1228 3548 1390 3627 comitem,
1413 3549 1469 3614 sed

247 3627 378 3729 siffis
418 3657 533 3739 postea
555 3657 686 3737 turpem
710 3657 849 3717 mortem
871 3672 972 3736 quem
995 3652 1032 3715 in
1064 3651 1129 3716 isto
1159 3651 1271 3740 viagio
1303 3656 1471 3717 meruerat

246 3759 372 3810 pureum.
418 3774 478 3841 per
515 3752 767 3840 Dispensatores
789 3751 937 3819 incurrit
989 3751 1077 3818 Nam
1116 3758 1151 3818 et
1187 3754 1298 3820 e'aetsri
1329 3753 1470 3840 quilibet

419 3855 549 3922 comitis
593 3859 818 3942 persecutores
856 3853 1040 3920 violentem
1078 3860 1218 3920 mortem
1255 3857 1346 3922 nacti
1383 3861 1471 3920 sunt

349 3984 352 3996 ·
420 3957 585 4024 Robertus
619 3957 660 4022 de
693 3957 849 4023 Holande
883 3979 960 4023 cum
992 3957 1140 4024 audisset
1162 3957 1288 4046 fugisse
1310 3959 1471 4034 comitem,

419 4059 566 4127 reddidit
597 4081 632 4125 se
665 4059 736 4146 regi
769 4058 859 4147 apud
896 4058 1097 4145 Derbeyem,
1131 4059 1314 4145 missusque
1351 4066 1403 4126 est
1433 4060 1471 4139 in

418 4161 601 4229 custodiam
636 4161 678 4226 sd
712 4164 857 4228 ossuum
892 4161 934 4226 de
957 4159 1079 4240 Dover,
1103 4183 1201 4248 quem
1234 4183 1349 4228 omnes
1370 4161 1469 4227 hube-

417 4265 500 4331 baut
531 4285 668 4330 exosum
702 4285 762 4352 pro
799 4285 838 4331 eo
875 4263 966 4350 quod
1003 4263 1179 4352 deceperat
1199 4257 1263 4332 'sic
1300 4264 1468 4332 dominum

451 4591 460 4624 ¹
478 4589 664 4652 heriatuadd.
675 4587 753 4655 Iligd.
1002 4589 1013 4622 ³
1032 4591 1075 4657 in]
1095 4591 1228 4657 ad,l1igd.

452 4667 463 4700 ²
484 4669 615 4735 Tempore,
628 4668 706 4734 Higd.
1001 4668 1100 4722 ‘Here
1119 4686 1154 4723 on
1172 4670 1271 4737 margin
1288 4671 1317 4724 oi
1327 4673 1363 4726 A.
1373 4673 1470 4740 oulyis

452 4747 711 4814 nmmumfligd.
969 4749 1346 4818 Dupessuromimlmuns

452 4826 463 4860 ⁴
479 4827 557 4879 From
568 4825 646 4895 Hice.
