3625 5784
437 957 456 1020 2
719 991 723 1000 ·
785 971 933 1020 nesarci
960 969 1145 1020 auronius

269 1180 393 1260 haspro.
435 1161 669 1238 recalcitrante,
692 1161 836 1228 dirivare
867 1161 965 1227 caue
997 1165 1094 1226 tenus
1123 1158 1326 1245 concupisco.
1373 1157 1488 1245 igitur

267 1248 383 1365 ffigf
435 1263 574 1330 historia
604 1285 679 1329 cum
711 1263 755 1330 sit
788 1263 912 1329 nuncia
945 1261 1124 1327 vetustatis
1162 1261 1352 1346 praeteritae,
1390 1259 1487 1326 testis

349 1351 375 1379 ''
439 1371 678 1432 transactorum
701 1371 886 1452 temporum
910 1371 968 1440 est,
992 1370 1026 1428 et
1049 1363 1208 1429 memoria
1221 1362 1304 1428 vitae
1326 1362 1486 1428 bonomm

437 1475 538 1554 atquo
568 1469 727 1534 malorum
758 1489 873 1534 norma
903 1466 1085 1554 praelucens
1118 1465 1184 1530 hiis
1217 1465 1275 1551 qui
1308 1487 1343 1531 se
1376 1487 1487 1553 regere

437 1577 506 1636 tarn
536 1569 572 1634 iu
594 1591 727 1657 corpore
750 1592 849 1656 quam
880 1570 916 1634 in
938 1569 1050 1634 anima
1079 1567 1276 1654 regulariter
1297 1568 1486 1655 disponunt.

437 1671 587 1737 Historia
619 1673 852 1758 praeminentes
886 1670 1007 1736 anima
1038 1674 1073 1736 et
1102 1670 1249 1756 corporis
1281 1674 1487 1736 sensatorum

437 1772 531 1837 dotes
561 1773 755 1858 possidendo
779 1776 926 1856 occupat,
948 1793 1090 1855 suosque
1112 1768 1391 1856 quamplurimum
1413 1791 1487 1836 san·

437 1873 573 1940 suuliter
595 1879 759 1960 praerogat
774 1893 980 1959 possessores.
994 1912 998 1922 ·
1020 1871 1065 1936 Et
1080 1893 1156 1938 cum
1172 1871 1314 1938 historia
1328 1872 1485 1958 quodam-

436 1976 533 2041 modo
567 1977 632 2041 dici
669 1981 778 2062 potest
816 1973 1021 2052 immortalis,
1054 1996 1130 2042 cunr
1168 1995 1207 2039 ea
1241 1995 1315 2059 quae
1348 1974 1487 2040 fuerunt

436 2077 595 2142 oblivioni
619 2076 743 2143 tradita
758 2077 801 2142 ad
824 2077 1015 2142 memoriam
1037 2081 1173 2142 revocat
1186 2079 1222 2140 et
1245 2075 1340 2160 qnasi
1362 2077 1486 2142 recenti

436 2178 546 2242 animo
569 2178 707 2256 reducit,
730 2185 764 2243 ct
786 2176 867 2243 aliae
890 2177 1040 2263 peritura
1062 2177 1091 2240 si
1114 2175 1264 2262 scripta1
1287 2197 1355 2242 non
1377 2176 1487 2244 forent

436 2285 574 2346 renovat
596 2285 631 2344 ct
653 2279 920 2365 aliqualicunque
953 2278 1048 2364 quasi
1080 2281 1187 2344 morte
1218 2283 1371 2364 separata
1400 2279 1486 2343 vivi-

436 2381 514 2448 ficat
547 2386 582 2445 et
612 2381 686 2445 aliis
720 2387 794 2468 post
827 2381 910 2447 alios
944 2380 1195 2448 succedentibus
1225 2385 1265 2444 ut
1295 2380 1345 2446 ita
1378 2379 1486 2446 dicam

435 2488 610 2570 perpetuat
640 2489 675 2549 et
709 2481 975 2548 thesaurabiliter
996 2487 1178 2560 conservat,
1200 2487 1240 2548 ut
1269 2503 1328 2568 per
1350 2503 1486 2569 eaquae

435 2586 559 2672 scripta
580 2592 614 2651 et
644 2583 730 2652 locta
752 2584 999 2671 conspiciuntur
1020 2584 1189 2650 intellecta
1219 2584 1327 2650 levius
1356 2584 1485 2652 evitent

435 2693 469 2752 ct
505 2687 703 2753 luculentius
735 2687 932 2772 provideant
962 2686 1050 2752 mula
1080 2708 1154 2773 quse
1176 2687 1219 2752 de
1248 2687 1304 2751 die
1337 2687 1373 2752 iu
1395 2685 1484 2752 diem

434 2788 670 2854 incessabiliter
686 2788 919 2855 habitantibus
934 2791 1066 2866 terram,
1082 2809 1142 2874 pro
1164 2787 1258 2853 dolor
1272 2795 1278 2854 i
1301 2797 1483 2876 emergunt.

435 2891 553 2957 lccirco
592 2893 679 2957 inter
712 2897 832 2957 cretera
865 2889 1019 2956 lectoris²
1056 2891 1208 2955 facetiam
1241 2912 1316 2957 cum
1355 2891 1483 2957 intimis

430 2993 537 3058 cordis
568 2993 723 3078 expansis
755 2991 937 3059 viscoribus
960 3012 1098 3077 exposco
1136 3012 1179 3057 ue
1210 2992 1391 3059 lectitando
1414 2999 1480 3060 sta·

430 3094 522 3160 dium
556 3093 675 3158 laboris
702 3094 767 3158 mci
799 3115 873 3159 cum
905 3092 1060 3158 subrisu³
1096 3093 1296 3180 aliquociens
1333 3094 1480 3182 aspiciat.

430 3195 514 3260 Cum
546 3195 590 3260 sit
619 3195 706 3259 inter
719 3191 723 3200 ’
737 3199 857 3260 caetera
883 3195 1181 3282 cronographorum
1207 3195 1325 3262 florida
1357 3197 1481 3284 scripta

428 3299 522 3363 velut
553 3304 738 3385 praepetens
772 3299 861 3384 palia
892 3299 981 3364 inter
1014 3299 1117 3366 tritici
1138 3321 1243 3387 grana
1274 3303 1479 3388 peroptima:

429 3399 508 3462 scd*
546 3399 658 3484 pocius
688 3397 871 3464 voluntatis
908 3421 990 3464 meae
1028 3399 1190 3466 desiderio
1227 3421 1328 3486 quam
1364 3401 1481 3467 inertis

428 3500 592 3566 facundiae
627 3499 704 3565 stilo
736 3499 915 3565 alludendo
953 3501 1145 3566 sitibundus
1182 3503 1315 3588 aspiret.
1371 3503 1481 3589 Igitur

259 3606 414 3686 Theauthor
428 3601 621 3688 opusculum
655 3601 838 3667 historiolae
868 3623 951 3666 meae
973 3623 994 3666 a
1015 3607 1198 3687 conquestu
1232 3603 1325 3688 regni
1347 3603 1480 3691 Angliae

258 3675 393 3803 {gn‘lffi'
427 3725 502 3768 cunr
540 3703 741 3769 adminiculo
787 3704 919 3790 septimi
968 3703 1044 3769 libri
1084 3702 1285 3769 Oistrensisl
1327 3705 1479 3771 laudiflui

258 3809 363 3858 sevena
426 3805 643 3893 cronographi
666 3804 833 3892 perlucide
856 3805 1037 3882 scribentis,
1058 3805 1154 3890 cujus
1175 3806 1292 3871 seriem
1314 3807 1355 3872 de
1378 3807 1479 3874 verbo

257 3873 399 4006 ffiffl„
426 3909 468 3972 ad
503 3907 640 3973 verbum
672 3927 746 3972 cum
778 3905 852 3972 aliis
884 3927 958 3993 quae
989 3907 1137 3993 aspectui
1170 3929 1244 3974 meo
1274 3909 1413 3994 sparsim
1443 3933 1479 3975 se

254 4004 317 4056 urst.
426 4010 615 4075 obtulerant
639 4007 817 4074 inscribere
840 4009 989 4075 seriatim
1011 4030 1167 4096 propono,
1189 4010 1357 4096 telamque
1378 4033 1478 4077 even·

424 4116 521 4177 tuum
553 4113 661 4178 medio
693 4117 841 4197 tempore
878 4112 915 4175 in
953 4132 1054 4198 regno
1086 4111 1218 4198 Angliae
1256 4117 1291 4178 et
1326 4114 1479 4199 partibus

423 4215 574 4281 finitimis
605 4237 665 4300 per
687 4214 843 4300 Anglicos
866 4219 899 4280 et
930 4214 1126 4301 quandoque
1156 4215 1373 4302 aliquosculos
1395 4217 1477 4282 alios

422 4319 459 4383 in
483 4319 592 4404 reguis
614 4317 687 4383 aliis
710 4319 833 4404 partim
855 4316 1059 4383 inmiscendo
1074 4317 1254 4384 secundum
1276 4318 1477 4404 parvitatem

423 4419 539 4483 stilioli
573 4439 687 4483 sensus
723 4419 788 4483 mci
821 4438 925 4504 usque
956 4417 999 4482 ad
1032 4439 1177 4503 praesens
1210 4423 1342 4504 tempus
1374 4420 1474 4486 ordiri

455 4723 462 4756 ¹
481 4723 614 4787 scripturo
626 4722 651 4772 si
661 4738 720 4780 aon,
733 4723 767 4772 Α.
1007 4720 1019 4753 ³
1035 4720 1112 4770 From
1124 4723 1157 4771 A.
1169 4742 1177 4781 t
1194 4719 1313 4785 umen,
1325 4722 1383 4774 MS.

453 4801 653 4862 ’tetrarchae
671 4801 722 4851 aud
734 4799 790 4852 MS.
803 4799 925 4858 elisabet
1007 4801 1134 4862 nean„
1146 4802 1237 4850 audac
1249 4803 1351 4868 alasya

420 4880 557 4930 corrected.
1006 4877 1171 4940 *Pronum
1190 4879 1334 4942 soom,
1347 4883 1404 4934 MS.
