3625 5784
402 859 468 925 446
760 873 909 925 mmm
932 874 1125 926 munros.

402 1060 499 1145 regis
546 1058 689 1127 Isabella
711 1061 826 1149 regina
847 1066 955 1127 mater
970 1062 1066 1149 regis,
1083 1060 1232 1148 Rogerus
1255 1058 1297 1124 de
1320 1057 1453 1122 Mortuo

402 1162 496 1239 mari,
533 1167 569 1228 et
612 1164 724 1250 plures
769 1164 828 1229 alii
865 1164 1092 1230 consilnenmt
1130 1162 1200 1251 regi
1238 1167 1278 1227 ut
1315 1160 1352 1224 in
1398 1157 1454 1222 illo

403 1264 623 1349 parliamento
648 1288 707 1330 rex
737 1288 759 1331 a
780 1266 867 1331 clero
889 1266 1074 1331 subsidium
1105 1269 1242 1352 peteret,
1272 1265 1457 1328 asserentes

232 1383 376 1450 Asuboidy
403 1386 517 1432 omncs
539 1389 637 1454 gazas
659 1372 694 1433 et
716 1368 890 1435 thesauros
912 1372 988 1455 post
1009 1373 1149 1434 mortem
1180 1366 1457 1453 Dispensatorum

230 1450 385 1583 3¹:⁰2¹&
406 1473 441 1533 et
470 1469 612 1535 aliorum
645 1470 853 1558 proditorum
876 1474 1034 1557 repertos,
1057 1470 1092 1534 in
1114 1489 1237 1558 guerra
1270 1468 1391 1535 Scotiae
1423 1472 1458 1531 et

404 1572 479 1636 aliis
516 1574 610 1659 regni
647 1574 839 1640 necessariis
876 1573 949 1639 fore
983 1572 1054 1658 jam
1092 1571 1280 1637 exhaustos
1327 1570 1372 1635 Et
1409 1569 1456 1634 sic

403 1678 500 1739 erant
530 1675 718 1761 consumpti
751 1676 838 1741 sicut
859 1674 1015 1739 dixerant
1046 1694 1106 1759 per
1139 1694 1243 1738 novos
1276 1672 1455 1737 traditores

403 1776 498 1861 regis,
536 1778 594 1863 qui
632 1798 707 1843 eum
745 1777 925 1844 secundum
963 1798 1061 1842 suum
1100 1776 1185 1841 velle
1223 1780 1263 1840 ut
1297 1774 1456 1858 juvenem

402 1878 569 1966 regebant
626 1880 780 1967 Episcopi
818 1900 898 1945 vero
935 1880 1094 1966 petebant
1128 1878 1216 1943 diem
1250 1876 1455 1942 deliberandi

401 1981 443 2045 de
465 2002 621 2067 responso
643 2004 748 2067 usque
770 1982 806 2046 in
827 1982 950 2047 festum
973 1981 1120 2047 omnium
1144 1980 1342 2046 Sanctorum
1365 1978 1454 2065 apud

401 2081 633 2166 Leycestriam.
691 2084 735 2148 Et
767 2082 917 2149 fecerunt
951 2082 1096 2148 solemne
1128 2104 1190 2169 pro
1224 2082 1336 2147 anima
1367 2081 1454 2168 regis

400 2184 530 2269 antiqui
562 2184 720 2250 Edwardi
752 2186 811 2270 qui
833 2185 1048 2266 moriebatur,
1072 2190 1112 2249 ut
1134 2184 1362 2270 supradictum
1394 2186 1452 2260 est,

401 2286 576 2351 undecimo
610 2286 827 2353 kalendarum
850 2287 1051 2364 Decembris,
1074 2290 1109 2351 et
1132 2286 1230 2352 modo
1253 2287 1310 2372 qui
1344 2286 1452 2371 sequi·

402 2393 467 2454 tur.
520 2388 663 2467 Quidam
687 2390 729 2454 ad
753 2390 815 2455 hoc
838 2390 944 2455 scelus
967 2388 1156 2455 faciendum
1178 2388 1346 2475 procurati
1378 2409 1453 2453 cum

229 2490 337 2607 gidfflffi
345 2490 375 2607 1⁰}
402 2511 460 2554 rex
493 2489 679 2557 Edwardus
710 2492 746 2556 in
778 2492 862 2557 lecto
885 2492 1091 2558 recumberet
1113 2491 1239 2577 quietis
1261 2490 1373 2577 gratia
1404 2489 1452 2553 nil

270 2572 305 2608 '⁸
374 2594 381 2609 ⁸
401 2592 481 2657 mali
497 2593 540 2657 ab
554 2592 667 2678 ediquo
682 2595 852 2681 auspicem
867 2594 932 2658 sibi
948 2593 1077 2671 inferri,
1092 2598 1298 2658 accesserunt
1312 2592 1356 2657 ad
1367 2612 1452 2681 cum,

399 2702 436 2760 et
459 2700 565 2761 vestes
587 2716 608 2760 a
629 2696 769 2782 pedibus
792 2697 1006 2773 excutientes,
1019 2716 1119 2781 super
1133 2700 1232 2781 caput
1255 2695 1326 2781 ejus
1341 2694 1452 2760 subito

400 2797 652 2885 deplicuerunt,¹
681 2805 716 2865 et
745 2799 892 2865 fistulam
926 2796 1075 2865 aeneam²
1106 2798 1142 2862 in
1168 2798 1350 2885 posteriora
1381 2797 1453 2884 ejus

398 2905 633 2987 apposuerunt,
655 2902 865 2987 ignitumque
887 2924 970 2967 veru
992 2923 1052 2988 per
1073 2900 1220 2966 fistulam
1241 2901 1278 2965 in
1301 2905 1452 2965 ventrem

399 3002 471 3088 ejus
486 3004 719 3081 submisertmt¹
731 3025 774 3069 ne
789 3005 936 3069 exterius
952 3004 1050 3091 plaga
1065 3003 1177 3089 aliqua
1191 3002 1345 3088 cuiquam
1362 3003 1452 3067 intu-

400 3104 470 3169 enti
497 3106 604 3171 locum
627 3106 731 3185 daret,
754 3107 910 3183 dicentes,
932 3127 998 3170 non
1021 3110 1161 3171 mortem
1185 3104 1370 3169 naturalem
1393 3104 1451 3169 sed

295 3191 302 3201 ¹
401 3206 548 3273 subitam
586 3210 617 3274 ei
655 3210 811 3274 evenisse.
874 3208 1001 3273 Eodem
1041 3212 1186 3293 tempore
1219 3202 1395 3270 Hunaldi³
1416 3210 1452 3269 et

401 3311 512 3375 caeteri
535 3310 755 3397 alienigenae⁴
783 3310 908 3375 revomi
932 3316 1011 3373 sunt
1044 3307 1081 3372 in
1113 3308 1256 3394 patriam
1289 3328 1392 3386 suam,
1414 3308 1449 3371 in

400 3411 598 3477 immensum
631 3414 832 3478 remunerati
866 3416 901 3476 et
934 3410 976 3475 de
999 3430 1080 3474 auro
1103 3415 1138 3475 et
1166 3417 1304 3498 argento
1336 3410 1450 3475 multi-

399 3515 551 3580 formiter
596 3514 697 3580 ditati
742 3535 802 3600 per
846 3512 998 3597 reginam
1044 3510 1230 3589 Isabellam,
1282 3510 1448 3598 Rogerum

399 3616 591 3702 Mortymer‚
622 3621 658 3682 et
690 3616 772 3681 alios
795 3615 835 3680 de
858 3635 971 3680 eorum
995 3635 1141 3692 assensu,
1164 3614 1200 3678 in
1231 3635 1333 3702 grave
1367 3634 1450 3679 onus

397 3718 646 3782 communitatis
675 3716 779 3803 regni,
803 3721 903 3801 prout
926 3714 1065 3781 inferius
1099 3715 1309 3781 describetur.
1356 3715 1448 3782 Tunc

398 3819 493 3885 venit
524 3818 659 3885 domina
691 3818 850 3905 Philippa
872 3818 943 3883 filia
978 3818 1108 3884 comitis
1144 3816 1378 3884 Hunaldorum
1412 3820 1448 3883 in

398 3921 555 4009 Angliam
608 3920 653 3987 ad
711 3920 939 3985 maritandum
993 3920 1063 4008 regi
1117 3919 1281 3985 Edwardo
1329 3920 1448 4006 juveni

396 4044 503 4110 nuper
524 4028 687 4090 coronato.
734 4022 779 4085 Et
802 4021 872 4087 fuit
893 4025 1028 4108 recepta
1050 4042 1125 4087 oum
1157 4042 1278 4109 magno
1301 4022 1448 4109 tripudio

395 4123 531 4191 honoris
554 4125 735 4190 Londoniae
758 4145 779 4187 a
802 4122 932 4190 civibus
954 4123 990 4187 in
1014 4124 1130 4211 vigilia
1159 4124 1282 4189 natalis
1305 4122 1449 4191 Domini.

397 4227 443 4291 Et
464 4228 554 4313 apud
576 4228 761 4293 Eboracum
783 4226 820 4290 in
842 4224 1089 4292 Conuersione³
1112 4226 1218 4293 sancti
1250 4226 1346 4293 Pauli
1380 4226 1448 4312 viij.

427 4479 436 4511 ¹
453 4479 638 4546 deplicamus,
648 4460 894 4544 castaeorum,
981 4478 991 4511 ⁴
1008 4476 1135 4543 asama,
1147 4478 1214 4538 ns,
1226 4480 1271 4531 aut
1282 4480 1449 4531 comesa

392 4559 449 4617 MS,
946 4558 1039 4608 clatet
1050 4558 1126 4607 haud.

425 4638 544 4701 ἐπιαηι,
555 4638 634 4691 MSS.
978 4636 989 4667 ⁵
1005 4636 1075 4688 Here
1086 4653 1120 4687 on
1141 4636 1204 4687 botb
1223 4637 1335 4705 margins
1354 4638 1378 4690 is
1397 4638 1449 4689 Re·

425 4718 521 4770 ³llerc
541 4734 575 4769 oa
594 4716 693 4785 margin
704 4718 735 4768 of
748 4719 781 4768 A.
793 4715 893 4783 onlyis
943 4716 1007 4781 pino
1017 4716 1178 4783 demoto.

393 4797 515 4849 Hunaldi
523 4796 630 4849 redeunt
640 4798 669 4849 in
677 4798 792 4863 patriam
802 4812 881 4849 mom.
